3050 5109
391 178 628 233 Lucubrationum
647 178 860 248 Euripidearum
879 179 974 249 capita
993 180 1106 233 selecta.
1268 179 1332 242 247

602 438 711 509 caput
733 440 890 496 alterum.

253 580 341 637 Haud
360 579 448 638 facile
467 578 618 638 interdum
637 578 877 654 corruptelarum
895 597 990 653 genus
1014 579 1149 654 proximo
1168 579 1266 655 capite
1285 581 1334 640 de-

155 669 307 744 scriptum
331 668 511 727 discernitur
536 667 574 726 eb
598 668 656 726 alio
682 668 811 744 quodam
835 670 906 725 nato
929 668 1011 741 inde,
1039 669 1118 744 quod
1144 669 1258 727 codices
1285 670 1334 727 vel

156 758 252 816 tineis
281 757 381 816 edrosi
409 758 457 816 vel
483 758 606 816 madore
634 756 767 831 corrupti
793 774 812 814 a
837 757 1041 831 grammaticis
1071 757 1221 815 emendati
1249 762 1333 816 sunt:

154 847 303 905 differunt
321 849 424 905 tamen
443 845 516 910 haee
542 845 601 904 duo
620 863 732 921 genera
755 843 834 903 inter
853 863 885 903 se
909 863 958 920 eo,
982 845 1062 919 quod
1085 845 1148 904 illic
1171 845 1253 905 solae
1271 846 1333 905 fere

155 936 346 994 senariorum
369 936 523 993 clausulae
546 935 594 992 hic
613 934 717 993 eodem
743 933 842 992 omnia
865 931 953 992 modo
976 933 1050 992 vitio
1073 935 1156 993 tacte
1179 933 1333 1009 adparent.

154 1024 236 1082 Eam
263 1027 364 1082 eutem
390 1024 501 1082 sortem
530 1022 720 1099 supplicibus
744 1022 925 1097 Euripideee
953 1022 1098 1099 obtigisse
1122 1023 1252 1081 editione
1278 1043 1333 1082 sue

156 1114 293 1172 ostendit
317 1112 578 1187 Wilumowituius3
604 1112 782 1171 intllectre
805 1111 885 1170 idem
911 1112 1116 1171 demonstrare
1143 1130 1230 1186 posse
1258 1112 1332 1170 mihi

156 1201 274 1261 videor.

322 1292 361 1349 67
409 1285 475 1360 ἐγώ
494 1282 524 1347 c'
542 1283 612 1348 ίτον
630 1289 749 1349 θεοῖειν
767 1286 903 1363 ἡγοῦμαι
923 1283 1033 1361 φίλον,

408 1374 444 1437 ἐν
462 1377 531 1437 τοί(
549 1373 637 1450 ἐμοῖο
657 1373 717 1451 γάρ
736 1373 795 1437 οὐκ
813 1373 977 1451 ἐνύβριεαε
991 1376 1117 1436 κακοῖς·

408 1461 529 1539 μεγάλη
550 1464 585 1525 δὲ
605 1466 733 1539 θνητοῖς
754 1466 850 1541 μοῖρα
870 1465 1034 1541 ευμφορᾶε
1053 1467 1149 1540 κακῆς
1164 1497 1207 1507 -

153 1608 303 1680 invenire,
330 1608 448 1682 opinor,
474 1628 563 1683 quem
586 1608 742 1686 misereat,
768 1611 848 1684 apud
872 1627 960 1684 quem
980 1609 1120 1683 conqueri
1144 1608 1234 1666 liceat
1252 1610 1330 1667 cale-

154 1695 301 1755 rnitates‘?
338 1697 408 1754 Non
426 1698 484 1773 itu,
502 1696 554 1756 sed
1084 1690 1086 1695 ’

416 1816 527 1895 ἰατρὸν
546 1815 664 1896 εὑρεῖν,
689 1815 733 1881 oc
753 1817 818 1892 ἐγὼ
838 1817 870 1880 (ὲ
891 1815 1056 1896 λαμβάνω,

155 1962 175 2021 i.
196 1980 221 2021 e.
238 1961 386 2020 medicum
405 1964 538 2023 invenire
559 1963 636 2022 sieut
659 1956 732 2044 (non
752 1955 910 2044 ‘quelem')
934 1982 990 2039 ego
1009 1966 1040 2021 te
1063 1962 1172 2022 inveni.
1208 1962 1257 2022 Ita
1274 1963 1329 2040 igi-

154 2052 208 2108 tur
225 2050 421 2126 philosophus
440 2052 586 2111 scenicus:
615 2046 771 2128 ‘Magnum
790 2055 837 2110 est
859 2052 890 2110 iu
908 2053 998 2111 rebus
1018 2050 1152 2111 adversis
1171 2050 1328 2124 invenisse,

156 2139 208 2214 qui
226 2139 316 2198 rebus
336 2140 470 2200 adversis
489 2160 543 2200 nos
562 2135 692 2199 liberet'.
722 2140 805 2210 Quae
819 2141 969 2200 sententia
986 2140 1060 2198 mihi
1074 2140 1194 2216 quidem
1210 2141 1328 2199 videtur

155 2246 261 2302 parum
276 2229 328 2287 illo
342 2228 446 2306 digna3
464 2230 556 2288 immo
571 2229 756 2306 efflagitatur
775 2222 869 2288 ‘socii'
888 2230 969 2289 notio
988 2249 1043 2305 pro
1059 2222 1204 2288 ‘medico'.
1233 2229 1328 2299 Quam

156 2335 224 2374 cum
243 2335 278 2374 ex
294 2318 428 2392 apicibus
447 2319 567 2378 truditis
588 2319 694 2378 elicere
713 2337 868 2393 nequeam,
888 2316 1090 2393 (αλλήπτορα
1109 2318 1158 2377 uel
1175 2316 1237 2377 tale
1256 2319 1329 2393 quid

157 2404 195 2462 ab
205 2405 347 2481 Euripide
367 2408 512 2483 scriptum
526 2407 646 2483 conicio,
666 2408 744 2483 quod
758 2411 919 2483 postquam
934 2408 1113 2481 evanuisset,
1128 2426 1147 2465 α
1160 2411 1327 2467 correctore

155 2493 262 2552 volnus
282 2496 454 2570 suppletum
472 2515 547 2557 esse.

245 2582 393 2642 Videntur
412 2588 514 2644 autern
533 2585 642 2643 similia
660 2586 691 2642 in
709 2585 765 2643 hec
783 2584 888 2643 fabule
907 2587 1023 2643 extare:

304 2709 366 2768 706
414 2704 577 2783 πετρίνοις
594 2702 625 2767 δ’
645 2704 772 2768 ἑπιετὰ(

211 2797 217 2806 ’
413 2797 509 2872 κᾶρυξ
527 2792 620 2872 ίαχεν
640 2792 768 2872 βάθρον(

412 2881 536 2960 ἀγορὰν
555 2881 678 2959 ἀγορὰν
703 2884 882 2961 Μυκηναῖοι

412 2971 550 3050 (τείχετε
570 2970 732 3049 μακαρίων
751 2969 909 3049 ὀψόμενοι
927 2969 1095 3049 τυράννων

412 3060 561 3139 φάεματα
581 3058 726 3137 δείματα·

242 3187 290 3245 Ad
310 3189 383 3249 haec
402 3189 529 3247 Seidler:
549 3181 622 3247 ‘tale
641 3191 814 3263 portentum
829 3192 865 3247 ut
879 3208 898 3246 e
911 3187 967 3247 diis
985 3189 1111 3246 missum
1125 3188 1188 3247 sine
1203 3189 1324 3249 horrore

157 3294 220 3335 esse
239 3295 298 3335 non
316 3271 457 3354 poteret'.
493 3277 537 3336 At
555 3280 622 3336 eret
640 3277 704 3336 sine
723 3278 859 3353 horrore3
878 3277 1010 3354 attende,
1028 3277 1100 3352 quid
1118 3280 1273 3353 sequetur:

412 3396 542 3474 θυμέλαι
562 3393 595 3460 δ’
614 3396 786 3462 ἐπίτναντο
806 3417 897 3476 χρυ(-

410 3487 536 3565 ήλατοι,
557 3489 721 3561 (ελαγεῖτο
741 3485 774 3549 δ’
793 3484 848 3550 ἀν’
866 3484 941 3550 dcte

411 3578 475 3652 πάρ
494 3574 669 3654 ἐπιβώμιον
688 3572 854 3653 Ἀργείων·

411 3663 515 3727 λωτὸς
534 3664 569 3726 δὲ
590 3662 738 3742 φθόγγον
757 3661 949 3727 κελάδει...

158 3827 224 3885 ergo
235 3803 367 3884 δείματα
376 3827 434 3869 non
445 3810 615 3884 ferendum3
630 3810 683 3869 sed
697 3810 819 3868 litterae
832 3810 947 3868 frustra
955 3813 1115 3887 vexentur3
1130 3810 1321 3885 desumptum

158 3897 232 3956 enim
252 3901 298 3957 est
315 3899 370 3957 hoc
388 3898 568 3959 vocabulum
587 3918 603 3984 e
622 3918 649 3957 v.
666 3900 729 3957 456

409 4017 517 4082 τοιάδε
538 4020 658 4098 πήματα
677 4017 809 4096 δείματα

410 4106 534 4186 Φρύγια
552 4107 709 4184 τετύχθαι.

247 4274 274 4315 u.
294 4255 358 4315 489
405 4246 450 4312 ὼ(
469 4247 640 4328 πρόεβαειν
657 4244 759 4312 τῶνδ’
778 4246 890 4326 ὀρθίαν
909 4246 1018 4327 δόμων
1037 4247 1103 4328 ἔχει

409 4336 493 4421 ῥυεῷ
512 4338 639 4417 γέροντι
662 4341 745 4421 τῷδε
766 4342 939 4417 προεβῆναι
958 4337 1046 4402 ποδί·
