3050 5109
355 245 594 301 Lueuhmtionum
613 217 825 317 Euripidearum
845 248 939 318 capita
957 250 1068 303 seleeta.
1235 250 1300 314 269

122 406 301 492 discrepat.)
330 412 414 483 Quae
432 413 464 473 in
479 415 548 474 Vat.
564 415 633 476 Par.
646 416 714 475 Ars.
730 418 880 493 secuntur,
899 417 936 476 iis
951 417 1145 477 confirmatur
1161 418 1298 493 suspicio.

121 496 264 562 Ἀλλωεῑ
290 499 327 561 τὸ
347 500 383 561 δὲ
402 494 595 578 μαινόμενον
611 499 663 583 <ε>
687 496 813 586 (lemma
836 507 891 565 hoo
911 508 970 583 est,
994 507 1072 583 quod
1096 507 1263 565 seiunctum
1281 528 1300 566 a

123 592 251 667 reliquis
270 588 418 672 oportuit)
442 587 512 652 ἀντὶ
537 594 595 653 τοῦ
620 590 718 652 κακὸν
741 591 799 669 μὲν
822 591 860 653 τὸ
884 590 1057 670 μαίνεεθαι,
1077 589 1160 654 ἀλλὰ
1182 596 1299 671 κρατεῖ,

122 678 268 740 τοοτέετι
292 677 434 755 κρεῑεεόν
460 679 523 741 itu
547 678 598 741 καὶ
621 678 770 757 ὑπερέχει
793 684 852 744 τοῦ
880 672 959 758 prro
987 682 1192 759 εονειδήεεωε
1218 679 1298 745 ἀπο-

124 770 248 829 θανεῖν.
281 770 359 830 Ηὶοο
379 772 562 850 seiungenda
577 776 655 847 sunt,
674 792 750 848 quae
766 779 920 832 secuntur:
940 768 1013 833 ὡεεί
1031 789 1078 833 τι(
1093 771 1195 845 λέγοι·
1216 774 1297 834 λοει-

122 857 216 919 τελέε
240 856 304 919 reu
327 859 367 934 μὴ
392 857 610 945 γιγνώεκοντα
634 855 807 922 ἀπολέεθαι
835 856 879 920 ὡ(
908 858 1086 935 κρείεεονοε
1121 857 1217 922 ὄντος
1240 865 1298 923 τοῦ

123 946 276 1008 τοιούτου
302 945 383 1024 βίου,
406 969 483 1025 qnae
502 952 553 1026 qui
573 952 701 1027 scripsit,
720 953 796 1028 legit

464 1089 522 1224 iio
545 1160 758 1236 γιγνώεκοντ’
777 1159 959 1226 ἀπολέεθαι.

148 1306 238 1382 Hipp.
260 1308 323 1365 719
348 1302 387 1366 οὐ
406 1301 468 1381 γάρ
487 1301 563 1367 ποτ’
582 1270 720 1382 uitiauit
739 1324 776 1380 γε
798 1304 947 1382 Κρηείοο(
965 1303 1084 1382 δόμου(

349 1389 421 1455 οὔτ’
444 1392 488 1456 εἰ(
512 1392 687 1470 πρόςωπον
711 1393 839 1471 Θηεέωε
862 1391 1014 1472 ἀφίξομαι

347 1481 488 1560 αίεχροῑε
512 1480 566 1546 ἐπ’
589 1480 695 1560 ἔργοις
718 1482 836 1547 οὕνεκα
860 1487 965 1561 ψυχῆς
988 1485 1067 1560 puin

212 1627 309 1687 Unius
329 1647 361 1687 se
380 1629 496 1687 animae
520 1646 611 1688 eausa
634 1631 715 1688 reete
734 1628 872 1688 Phaedra
894 1648 1075 1705 proavorum
1099 1629 1228 1704 gloriam
1246 1631 1295 1689 de·

120 1717 332 1776 decoraturam
354 1723 459 1794 negat,
483 1737 542 1777 non
564 1722 646 1777 reete
669 1718 778 1777 Thesei
801 1738 833 1777 se
856 1718 887 1777 in
911 1722 1103 1794 conspectum
1129 1722 1296 1791 venturam,

121 1807 203 1881 quod
223 1807 340 1865 dictura
358 1826 417 1866 non
435 1809 557 1883 poterat
575 1826 634 1866 non
653 1807 751 1866 dieere
766 1802 884 1867 οὕνεκα
899 1807 1004 1881 ψυχῆς
1019 1797 1151 1887 ruoth).
1179 1808 1297 1883 inspice

122 1896 216 1954 schol.
237 1896 326 1955 Maro.
340 1896 409 1956 Vat.
423 1897 491 1955 Par.
505 1917 533 1972 p.
545 1898 619 1974 158,
639 1899 657 1956 6
677 1892 742 1967 ἐγὼ
761 1892 823 1970 γὰρ
842 1896 898 1970 τῆ(
917 1895 988 1970 pide
1003 1913 1062 1969 μου
1077 1896 1182 1970 ψυχῆς
1201 1913 1295 1956 κατα-

121 1982 310 2059 φρονήεαεα
339 1981 462 2045 πολλὰ(
490 1980 601 2059 ἑτέρα(
629 1981 788 2063 bruttium,
814 1982 871 2044 uic
898 1984 964 2044 τῶν
992 1980 1119 2044 οἰκείων
1147 1981 1296 2059 δηλονότι

122 2068 281 2147 ῥυεοιμένη
305 2075 360 2149 τῆ(
376 2070 534 2148 αίεχύνηε.
552 2070 612 2149 οὐχ
631 2059 831 2149 ὑπερτιμήιιο
851 2069 910 2133 οὖν
933 2072 991 2148 τὴν
1010 2069 1085 2150 μίαν
1108 2091 1168 2156 μου
1188 2073 1296 2149 ψυχὴν

122 2162 180 2238 τῆ(
200 2158 348 2237 atexnon(
366 2163 432 2222 τῶν
452 2163 598 2223 πολλῶνε
620 2183 693 2223 num
712 2164 864 2223 dubitabis
884 2162 1045 2223 restituere
1063 2162 1202 2239 Euripidi
1232 2195 1235 2201 ·

337 2284 377 2347 οὐ
395 2283 456 2362 γάρ
475 2282 552 2348 ποτ’
575 2284 713 2363 αἰεχονῶ
732 2305 769 2360 γε
790 2282 940 2362 Kourion(
959 2267 1078 2361 δόμου(

337 2372 478 2452 αἰεχροῑε
501 2372 556 2437 ἐπ’
578 2372 685 2452 ἔργοις
703 2373 822 2438 οὕνεκα
844 2378 950 2451 ψυχῆς
974 2371 1070 2451 proc?

125 2538 313 2597 Pollexerant
339 2537 587 2613 interpolatorem
617 2540 648 2596 et
675 2536 904 2613 praepositionis
933 2532 986 2596 ἐπὶ
1014 2555 1086 2596 usus
1115 2537 1217 2613 paullo
1245 2556 1294 2596 ex·

122 2627 260 2703 quisitior
282 2646 379 2703 neque
410 2630 512 2686 tamen
535 2627 560 2686 is
589 2627 626 2685 de
649 2645 708 2703 quo
732 2625 865 2685 dubitari
890 2626 986 2701 possit
1014 2619 1065 2707 (ef.
1093 2625 1164 2684 Hes.
1191 2626 1293 2703 theog.

124 2717 192 2776 540
216 2711 310 2776 ὀιτέα
337 2711 435 2775 λευκὰ
463 2711 538 2790 βοόε
563 2711 654 2794 δολίῃ
683 2711 735 2774 ἐπὶ
763 2712 860 2792 τέχνῃ
889 2709 1057 2774 ethericus
1095 2714 1227 2791 Theogn.
1253 2718 1294 2775 29

122 2799 200 2879 μίγδ’
222 2800 393 2880 αἰεχροῑειν
422 2799 477 2864 ἐπ>
500 2798 628 2878 ἔργμαει
652 2798 727 2877 μηδ)
750 2797 880 2863 ἀδίκοιει
904 2800 994 2877 τιμὰ(
1018 2799 1110 2863 ἕλκεο
1130 2848 1189 2864 ...
1219 2798 1295 2878 μηδ’

121 2886 261 2976 ἄφενοε)
277 2897 307 2953 et
321 2892 400 2971 quod
419 2894 607 2953 delicatiores
625 2912 712 2952 aures
727 2893 877 2951 offendere
892 2892 987 2967 possit
1001 2887 1139 2966 αἰεχυνῶ
1154 2887 1295 2967 αίεχροῑ(

121 2978 178 3043 ἐπ’
191 2977 310 3057 ’ἔργοις
328 3002 388 3041 non
406 2982 575 3042 mirandum
593 2982 669 3041 illud
688 2982 767 3058 apud
787 2982 969 3056 Euripidem.
998 2978 1045 3041 cf.
1063 2981 1109 3039 El.
1131 2983 1194 3041 696
1214 2978 1293 3056 πρό-

122 3089 233 3148 χειρον
248 3067 344 3146 ἔγχο(
359 3068 439 3146 χειρὶ
456 3065 637 3147 βα(τάζουε’
651 3067 717 3150 ἐμῇ.
733 3069 824 3130 sohel.
834 3069 903 3130 Vat.
917 3063 988 3128 ἀντὶ
1001 3069 1059 3128 τοῦ
1075 3069 1294 3130 οιαετολτικοῦ

121 3158 160 3221 τὸ
176 3160 247 3236 uuit
262 3155 332 3221 εἶπε
352 3163 378 3220 si
397 3161 541 3237 obstaret,
561 3161 706 3237 seriptum
725 3165 795 3236 post
812 3161 923 3218 foetam
942 3157 1205 3234 interpolationem
1219 3159 1294 3219 diee-

121 3270 237 3310 remus:
257 3270 334 3310 nuno
354 3250 481 3309 sortasse
501 3269 538 3308 ue
557 3251 658 3309 obstat
675 3248 804 3324 quidem.
833 3248 910 3306 Nam
930 3267 997 3307 eum
1016 3242 1235 3308 διαεταλτικόν
1255 3252 1295 3308 sit

120 3359 285 3417 pronomen
304 3340 385 3416 qnod
404 3339 570 3414 distinguat
593 3339 673 3397 inter
691 3357 723 3396 se
746 3339 821 3397 duas
840 3356 983 3413 personas
1011 3331 1125 3417 (Apoll.
1149 3338 1186 3395 de
1209 3357 1293 3413 pron.

122 3431 198 3509 598,
213 3432 231 3489 3
252 3430 287 3489 ef.
298 3429 389 3489 sehol.
404 3428 475 3487 Eur.
490 3428 567 3486 Med.
584 3419 674 3508 334),
691 3427 768 3485 nihil
782 3427 901 3485 videtur
914 3428 1128 3503 grammaticus
1143 3428 1294 3486 monuisse

120 3519 181 3578 nisi
205 3517 373 3577 Phaedram
401 3538 468 3576 eum
490 3516 603 3576 diceret
626 3516 709 3594 pide,
736 3515 867 3575 voluisse
891 3512 980 3589 ἐμῆς,
1009 3517 1039 3574 id
1067 3516 1146 3591 quod
1172 3520 1293 3592 poterat

122 3608 252 3680 moneri,
282 3607 345 3667 sive
372 3607 478 3665 aderat
506 3607 568 3666 sive
595 3625 656 3664 non
683 3605 788 3664 aderat
814 3624 842 3664 ν.
864 3607 935 3663 720.
972 3605 1077 3679 Neque
1105 3606 1216 3664 rectius
1244 3606 1294 3665 ob-

119 3698 229 3756 icietur·
246 3696 359 3757 violata
378 3695 585 3772 aequabilitas,
603 3713 679 3771 quae
698 3694 831 3753 extiterit
849 3693 973 3752 nutricis
992 3693 1071 3753 inter
1089 3697 1120 3752 et
1139 3694 1293 3753 Phaedrae

122 3781 226 3861 ῥήεει(
250 3773 972 3866 (oss—701Nudo—712w715-721),
995 3802 1062 3842 oum
1084 3801 1144 3842 non
1166 3784 1203 3842 de
1227 3802 1292 3843 eon-

121 3876 247 3950 ieetura,
266 3876 318 3935 sod
337 3876 374 3934 de
393 3874 572 3933 scholiorum
592 3872 763 3932 testimonio
782 3890 902 3931 versum
922 3874 987 3930 720
1010 3872 1097 3930 obelo
1116 3874 1292 3935 notaverim.

119 4033 334 4040 ..——--.-—--

212 4117 258 4185 24)
279 4115 447 4170 Bartholdns
466 4113 508 4169 ita
525 4115 596 4170 haee
614 4113 701 4169 verba
720 4113 855 4183 explieat:
875 4111 948 4184 proc]
967 4111 1209 4182 geringsehdtzig:
1234 4114 1293 4167 ‘um

122 4189 171 4242 des
191 4189 273 4243 einen
287 4188 396 4241 Lehens
410 4185 528 4255 willen’,
548 4186 574 4241 d.
585 4188 613 4240 h.
632 4205 680 4241 um
694 4186 770 4240 mein
785 4184 899 4239 elendes
910 4184 1004 4238 Leben
1022 4202 1075 4237 nur
1090 4184 1123 4253 ja
1140 4203 1174 4238 au
1191 4185 1291 4239 retten.

122 4259 200 4324 Quae
220 4259 338 4313 sirecte
357 4258 492 4324 intellexi,
512 4257 586 4312 siout
605 4258 699 4312 ‘unus'
719 4273 770 4327 pro
785 4256 854 4323 solo,
873 4255 916 4309 ita
929 4255 969 4309 εἷε
985 4272 1036 4324 pro
1056 4256 1139 4321 μόνοι
1157 4255 1211 4310 hoo
1229 4255 1292 4310 loeo

120 4331 286 4455 {surpatuin
305 4347 365 4384 esse
385 4329 453 4383 volt.
481 4328 513 4382 Id
532 4332 627 4383 autem
646 4329 707 4383 fieri
724 4344 815 4398 posse,
834 4326 888 4380 nisi
907 4326 1043 4395 exemplis
1063 4325 1214 4394 convietus,
1233 4343 1291 4381 ore·

140 4419 187 4457 ere
205 4417 321 4471 nequeo.
