3050 5109
352 222 589 277 Lucubrationum
607 221 821 291 Euripidearum
840 220 935 291 capita
952 222 1063 276 selecta.
1228 218 1294 283 249

115 393 202 453 Mihi
227 410 287 452 non
312 383 509 467 improbabile
535 391 655 451 uidetur
680 390 753 450 haec
772 394 933 467 postquam
957 391 1011 449 diu
1035 391 1067 449 in
1085 408 1174 449 scena
1192 389 1296 447 audita

115 486 235 554 esseut,
254 480 329 540 adeo
348 481 498 540 inculcata
515 480 610 540 fuisse
629 479 814 539 audientium
834 482 968 555 auribus,
986 484 1022 538 ut
1039 480 1090 556 qui
1103 478 1196 538 libros
1211 495 1295 538 cura·

114 576 194 632 rent
213 571 430 646 describendos,
449 567 620 645 recipienda
638 570 853 630 existimarent.

214 677 257 738 At
276 697 346 736 vero
365 677 426 736 alia
444 676 614 736 difficiliora
633 679 715 736 sunt:
733 676 812 735 Med.
828 678 891 736 356

332 797 372 862 οὐ
390 795 451 875 γάρ
471 819 500 861 τι
519 796 643 874 δράςεις
661 798 769 862 δεινὸν
789 794 836 862 ὧν
854 795 958 876 φόβος
977 794 1011 875 μ’
1030 796 1104 874 ἔχει.

215 948 308 1006 Extat
327 945 473 1004 scholium
491 937 560 1003 hoc:
585 939 624 1003 οὐ
643 938 704 1017 γάρ
723 960 752 1002 τι
772 937 904 1016 δράςεις.
936 937 1079 1017 Δίδυμος
1099 940 1177 1018 μετὰ
1200 942 1298 1003 τοῦτο

120 1033 222 1111 φέρει
245 1031 282 1095 τὸ
303 1029 382 1114 “ςιγῇ
402 1030 521 1107 δόμου(
540 1026 669 1108 είςβᾶς’,
693 1026 738 1091 ἵν’
757 1028 909 1106 ἔςτρωται
933 1026 1039 1105 λέχος’
1065 1030 1116 1091 καὶ
1142 1028 1299 1107 μέμφεται

121 1125 196 1186 τοῖς
216 1120 400 1197 ὑποκριταῖς
415 1117 459 1182 ὡς
474 1118 611 1196 ἀκαίρως
626 1117 705 1181 αὐτὸ
719 1116 883 1182 τὰςςουςιν
902 1124 933 1181 et
947 1122 985 1180 ad
995 1142 1022 1180 v.
1034 1124 1108 1198 379,
1126 1124 1195 1196 post
1210 1140 1299 1196 quem

120 1214 179 1273 ille
198 1233 303 1273 versus
326 1214 359 1271 in
376 1210 527 1271 codicibus
547 1212 718 1270 exhibetur:
738 1204 801 1270 ὧδε
822 1210 927 1270 καλῶς
945 1210 1054 1270 κεῖται.
1085 1205 1228 1284 Δίδυμος
1247 1225 1298 1284 cn·

122 1302 280 1377 μειοῦται,
299 1296 348 1361 ὅτι
362 1301 466 1360 κακῶς
481 1296 511 1361 oi
526 1296 691 1373 ὑποκριταὶ
710 1294 873 1360 τάςςουςιν
893 1294 945 1360 ἐπὶ
960 1297 1025 1359 τῶν
1036 1295 1094 1359 δύο
1104 1294 1146 1380 (9)
1165 1295 1203 1358 τὸ
1218 1293 1298 1378 (ςιγῇ

121 1386 247 1464 δόμους
275 1381 466 1474 eichdrc'.1⁰)
504 1389 707 1450 Librariorum
736 1407 837 1447 errore
866 1390 892 1448 si
918 1389 979 1447 tale
1008 1389 1080 1464 quid
1108 1389 1298 1448 conmissum

121 1480 273 1555 audirem,
292 1499 352 1538 non
371 1480 513 1557 mirarer,
531 1479 693 1538 histriones
711 1481 776 1537 tam
794 1478 896 1553 inepte
915 1497 1035 1537 versum
1053 1478 1231 1555 repetivisse
1249 1496 1300 1536 ne·

121 1588 204 1645 queo
223 1569 296 1627 mihi
312 1569 499 1644 persuadere.

170 1712 249 1771 Med.
262 1714 324 1771 146
346 1695 408 1785 Μη.
433 1710 497 1786 φεῦ
517 1709 593 1785 φεῦ·
617 1704 745 1788 θανάτῳ
765 1704 999 1784 καταλυςαίμαν

433 1795 541 1875 βιοτὰν
560 1795 714 1873 ςτυγερὰν
734 1797 942 1872 προλιποῦςα.

354 1886 408 1950 Χο.
433 1882 499 1948 ἄιες
519 1884 545 1945 ὡ
564 1884 630 1948 Ζεῦ
648 1884 700 1946 καὶ
719 1887 760 1959 γᾶ
779 1885 830 1947 καὶ
849 1889 920 1963 φῶς

432 1972 514 2051 ἀχὰν
534 1972 607 2036 οίαν
626 1971 647 2035 ἁ
666 1972 820 2038 δύςτανος

433 2064 544 2140 μέλπει
563 2061 686 2141 νύμφα;
889 2130 892 2135 ,

257 2178 321 2235 160
345 2173 406 2250 Μη.
432 2168 459 2232 ὦ
478 2168 602 2248 μεγάλα
621 2170 699 2246 Θέμι
718 2170 770 2233 καὶ
788 2166 896 2234 πότνι’
915 2168 1055 2249 Ἄρτεμι,

432 2256 575 2323 λεύςςεθ’
593 2258 614 2320 ἃ
634 2257 759 2337 πάςχω,
780 2260 931 2337 μεγάλοις
954 2258 1060 2337 ὅρκοις

431 2348 629 2426 ἐνδηςαμένα
647 2349 706 2412 τὸν
724 2346 906 2428 κατάρατον
946 2353 948 2356 ’

431 2456 533 2501 τοςιν.

266 2552 328 2608 168
355 2546 409 2610 Χο.
433 2539 542 2607 κλύεθ’
562 2540 615 2606 οῘα
635 2545 719 2619 λέγει
738 2542 928 2623 κάπιβοᾶται

431 2633 530 2709 Θέμιν
548 2632 697 2698 εὐκταίαν
716 2633 807 2711 Ζῆνά
826 2633 858 2698 θ’
877 2635 913 2697 ὃς
931 2632 1038 2712 ὅρκων

430 2725 558 2799 θνητοῖς
576 2721 688 2799 ταμίας
707 2721 899 2802 νενόμιςται;

218 2870 301 2941 Quae
320 2874 404 2931 extat
422 2868 624 2945 discrepantia
642 2890 670 2929 ν.
685 2872 748 2929 160
767 2870 848 2930 inter
866 2875 897 2931 et
917 2876 990 2948 169,
1010 2893 1076 2933 eam
1094 2872 1297 2946 Apollodorus

130 2961 286 3020 Tarsensis
304 2960 468 3019 removisse
488 2958 545 3018 sibi
563 2958 647 3017 visus
666 2963 713 3017 est
730 2979 759 3019 ν.
775 2961 848 3032 148,
863 2962 916 3036 qui
929 2963 1012 3021 chori
1031 2965 1086 3035 est,
1101 2961 1224 3021 Medeae
1245 2962 1299 3020 tri-

130 3051 201 3109 buto
216 3049 252 3108 cf.
264 3050 356 3109 schol.
366 3049 433 3107 Par.
443 3049 511 3107 Ars.
521 3068 549 3123 p.
562 3050 613 3120 17,
625 3050 666 3106 14
680 3047 777 3108 τοῦτο
793 3046 828 3108 δὲ
840 3041 882 3129 (v.
894 3043 973 3132 148)
984 3045 1229 3124 Ἀπολλόδωρος
1244 3051 1300 3125 τῆς

132 3133 271 3212 Μηδείας
290 3133 399 3213 φηςίν,
422 3131 487 3197 ἀπὸ
512 3133 547 3195 δὲ
566 3136 625 3196 τοῦ
645 3130 762 3210 “ἰαχάν’
782 3138 841 3197 τοῦ
864 3140 978 3215 χοροῦ,
1001 3134 1047 3199 ἵν’
1066 3135 1123 3217 ἔχη
1143 3133 1243 3211 λόγον
1262 3136 1300 3199 τὸ

132 3221 306 3302 ’ἐπιβοᾶται
326 3223 424 3300 Θέμιν
448 3221 597 3285 εὐκταίαν
616 3220 706 3299 Ζῆνά
723 3221 792 3301 τέ’,
811 3225 886 3287 τοὺς
905 3222 938 3287 δ’
956 3224 1127 3303 ὑποκριτὰς
1146 3225 1299 3302 ςυγχέειν.

102 3327 106 3332 ’
130 3338 159 3392 p.
182 3318 237 3390 18,
262 3319 303 3375 24
332 3310 578 3388 Ἀπολλόδωρος
607 3312 665 3389 μὲν
693 3310 753 3376 οὖν
781 3332 877 3390 φηςιν
904 3312 924 3375 δ
951 3314 1091 3391 Ταρςεὺς
1119 3317 1174 3392 τῆς
1204 3312 1299 3392 ἀμφι-

36 3422 40 3432 ’
133 3401 238 3480 βολίας
249 3400 369 3464 αἰτίους
389 3398 469 3465 εἶναι
487 3403 563 3464 τοὺς
573 3399 744 3479 ὑποκριτὰς
764 3403 956 3480 ςυγχέοντας
974 3403 1014 3466 τὰ
1029 3402 1140 3481 χορικὰ
1153 3407 1221 3468 τοῖς
1236 3402 1300 3466 ὑπὸ

134 3488 272 3568 Μηδείας
287 3491 482 3569 λεγομένοις.
510 3493 705 3553 Grammatioi
719 3495 884 3569 sapientiae
899 3490 1035 3570 ἀπορίας
1049 3500 1080 3555 et
1094 3492 1197 3555 λιίςεις
1211 3515 1300 3571 quae-

132 3583 223 3642 rentis
240 3603 388 3659 perquam
405 3582 545 3643 convenit
566 3575 621 3641 hoc
640 3586 855 3661 commentum
878 3585 1054 3644 histrionem
1078 3588 1141 3643 tam
1164 3586 1298 3661 ineptum

132 3673 221 3732 fuisse
240 3691 329 3748 aegre
348 3672 479 3732 adducor
497 3676 532 3732 ut
550 3672 678 3732 credam.

133 3811 341 3820 —————·

219 3916 262 3983 10)
283 3913 420 3967 Secuntur
441 3914 516 3984 apud
534 3912 708 3968 Dindorfium
731 3914 792 3967 sola
814 3911 925 3983 virgula
948 3917 1079 3982 separata
1101 3916 1184 3970 haec:
1208 3918 1300 3972 καιίςω

134 3989 150 4054 ἢ
169 3987 262 4054 ςφάξω
281 3986 391 4040 αὐτοὺς.
430 3983 537 4050 Quibus
555 3984 648 4039 verbis
666 3983 714 4039 vix
733 4002 803 4053 opus
822 3986 864 4039 est
887 4002 1014 4038 moneam
1033 4004 1136 4041 novum
1161 3986 1301 4043 contineri

135 4055 268 4112 scholium
286 4074 330 4110 vv.
345 4060 397 4109 378
417 4057 446 4110 et
465 4062 516 4110 379
536 4056 733 4125 complectens.
762 4056 891 4111 Ceterum
911 4055 1087 4111 scribendum
1106 4057 1226 4114 fortasse
1241 4063 1298 4115 est:

135 4128 251 4193 Δίδυμος
269 4125 343 4199 <δὲ>
357 4133 523 4195 ςημειοῦται.
552 4125 689 4197 Didymus
708 4126 784 4181 enim
802 4127 851 4195 qui
870 4128 934 4197 post
951 4145 977 4181 ν.
989 4133 1039 4182 356
1059 4127 1117 4199 legi
1135 4127 1217 4184 illum
1236 4147 1296 4186 ver·

135 4217 189 4253 sum
202 4198 308 4261 iubeat,
327 4201 423 4267 aperte
438 4196 557 4252 dissidet
571 4197 607 4251 ab
621 4214 663 4265 eo,
683 4197 732 4265 qui
750 4197 851 4253 scribit
869 4202 924 4253 ὧδε
942 4203 1033 4254 καλῶς
1052 4207 1145 4254 κεῖται.
1175 4202 1298 4257 Numero

135 4272 221 4325 autem
240 4267 349 4324 binario
368 4268 398 4323 id
417 4266 570 4338 significari
588 4267 618 4321 in
632 4267 776 4324 codicibus
796 4271 825 4323 et
842 4273 907 4338 post
920 4288 946 4326 v.
958 4276 1009 4324 379
1030 4273 1059 4324 et
1076 4274 1141 4341 post
1155 4291 1180 4327 v.
1192 4279 1226 4327 40
1241 4273 1300 4344 legi

135 4358 238 4397 uersum
252 4342 286 4396 de
301 4356 357 4409 quo
371 4339 491 4412 agimus,
507 4340 626 4395 fortasse
640 4342 716 4395 recte
731 4338 870 4410 auspicem
888 4359 953 4397 cum
962 4344 1058 4397 temen
1070 4360 1183 4398 sensum
1197 4343 1299 4401 elicere

137 4411 255 4469 everbis
274 4415 319 4468 ἐπὶ
336 4418 395 4468 τῶν
414 4414 466 4468 δύο
483 4429 540 4468 non
557 4428 680 4480 possum.
