3050 5109
205 235 270 297 228
662 234 786 289 Evaldus
805 235 913 289 Brubn:

207 404 314 463 horum
324 404 546 475 vocabulorum,
561 421 635 479 quas
649 403 906 479 perceptiones
919 402 1114 477 primarias
1128 420 1211 461 uoco.
1229 402 1294 460 Iam
1308 421 1377 461 oum

206 494 278 552 olim
297 493 487 552 didicerimus
506 511 572 551 cum
592 492 781 568 singularum
799 492 970 550 litterarum
984 490 1089 567 figuris
1104 491 1238 566 singulos
1252 493 1376 568 iungere

206 600 303 657 sonos,
323 582 560 641 secundariae
578 585 743 640 nascuntur
761 580 1017 656 perceptiones
1032 599 1093 655 eae,
1112 599 1188 657 quae
1207 600 1377 640 sonorum

205 671 381 748 imagines
396 671 516 730 illorum
531 671 742 730 vocabulorum
757 670 910 746 praebent.
928 668 1064 745 Denique
1073 688 1141 728 cum
1152 670 1377 730 adsueverimus

206 760 342 836 singulas
367 760 456 819 hasce
481 760 686 835 perceptiones
714 758 904 818 secundariae
932 757 970 816 ad
994 760 1127 834 singulas
1149 777 1197 817 res
1225 758 1375 831 adhibere,

205 849 392 908 notionum
412 849 607 909 suboriuntur
620 848 811 926 imagines,
830 849 849 908 i.
860 867 885 907 e.
899 848 1095 907 tertiariae
1110 842 1265 927 (sitrerbo
1276 843 1378 926 venia)

205 939 473 1015 perceptiones.
503 938 566 997 Hoc
585 937 637 996 ubi
656 937 771 997 factum
790 943 844 1013 est,
863 938 1007 997 memoria
1026 937 1145 1012 singula
1162 937 1216 995 illa
1234 939 1379 996 vocabula

206 1030 353 1086 tenemus.
379 1026 445 1086 Iam
464 1027 490 1085 si
508 1030 589 1085 recte
609 1027 812 1101 describimus,
831 1027 1053 1101 aperceptione
1067 1026 1207 1085 tertiaria
1224 1027 1262 1084 ad
1277 1045 1379 1086 secun-

207 1117 330 1193 dariam,
350 1116 388 1175 ab
403 1118 458 1174 hac
476 1116 514 1173 ad
529 1115 702 1191 primariam
716 1115 859 1194 redimus,
878 1116 917 1174 ad
931 1119 1117 1191 postremum
1131 1114 1207 1173 hanc
1221 1116 1377 1174 scribendo

207 1206 387 1282 effingimus.
423 1204 525 1264 Fieret
544 1207 645 1264 autem
662 1205 719 1263 hoo
738 1223 868 1281 semper,
897 1205 922 1262 si
941 1208 1062 1279 praeter
1085 1204 1152 1263 illas
1170 1205 1377 1280 perceptiones

206 1295 307 1353 nullae
326 1294 424 1354 animo
443 1296 546 1354 nostro
566 1292 798 1353 continerentur.
836 1292 921 1363 Quod
940 1312 1007 1353 cum
1030 1312 1184 1369 nunquam
1203 1292 1248 1352 ita
1267 1296 1378 1356 sit:.ex

206 1385 243 1442 iis
263 1383 512 1460 perceptionibus,
531 1401 607 1460 quae
626 1386 695 1441 ante
715 1387 851 1457 receptas
870 1401 962 1442 novas
981 1382 1050 1440 illas
1067 1382 1099 1439 in
1112 1383 1211 1441 animo
1227 1385 1321 1455 erant,
1340 1384 1378 1441 ab

166 1545 171 1552 ι
206 1473 254 1531 bis
274 1466 536 1531 ‘adsociantur'
562 1490 615 1531 eae
635 1491 710 1547 quae
737 1472 856 1532 vinculo
881 1471 981 1549 aliquo
1007 1488 1074 1528 cum
1098 1471 1141 1528 eis
1165 1471 1284 1530 iunctae
1308 1475 1379 1529 sunt

207 1554 259 1642 (cf.
284 1560 411 1638 Glogau,
430 1560 594 1620 Grundriss
613 1561 640 1620 d.
661 1559 858 1637 Psychologie
879 1556 920 1635 ἐξ
945 1550 1124 1639 307-12).
1166 1557 1240 1617 Cum
1258 1579 1379 1635 percep·

208 1651 340 1709 tionibus
363 1651 491 1726 receptis
514 1651 575 1709 iam
594 1650 682 1727 quasi
703 1654 842 1726 pugnant
864 1649 1042 1708 adsociatae.
1079 1647 1121 1705 Ut
1144 1667 1279 1724 quaeque
1305 1650 1377 1707 vali·

208 1740 307 1798 diores
327 1742 406 1813 sunt,
426 1739 470 1798 ita
488 1739 619 1798 vincunt.
656 1737 801 1798 Devictae
819 1739 1037 1813 reprimuntur3
1056 1756 1132 1812 quae
1150 1737 1301 1816 vicerunt,
1326 1757 1379 1797 eae

206 1828 444 1904 perscribuntur.
488 1828 531 1887 Ut
558 1828 725 1901 exemplum
754 1846 931 1902 proponam:
959 1826 1039 1885 Plut.
1069 1826 1104 1884 de
1132 1845 1200 1901 gen.
1229 1826 1308 1886 Socr.
1338 1831 1378 1886 14

206 1914 249 1994 (p.
270 1919 333 1976 583
350 1911 390 1995 Ε)
410 1917 521 1991 scripta
539 1916 696 1975 invenerat
714 1916 871 1993 archetypi
889 1915 1022 1975 codicum
1042 1919 1215 1973 nostrorum
1237 1916 1379 1974 librarius

206 2006 292 2065 haec:
313 2000 450 2078 ὁπηνίκα
469 1999 501 2063 δ’
515 1999 611 2064 οὔταε
628 1999 668 2063 οὐ
687 2000 861 2078 προδίδωει
879 1999 1094 2078 τὴνπενίαν
1113 1999 1190 2062 οὐδὲ
1209 1999 1254 2062 ὡ(
1274 2003 1380 2079 βαφὴν

207 2090 309 2167 ἀνίηα
326 2092 385 2167 τὴν
404 2091 539 2167 πάτριον
559 2088 750 2168 παιδείαν,
770 2087 853 2152 ἀλλὰ
872 2088 984 2166 καίπερ
1004 2088 1042 2151 ὂν
1056 2087 1218 2165 μειράκιον
1233 2089 1378 2171 εὐτελείᾳ

207 2179 441 2244 καλλωπίζεται
464 2179 514 2242 καί
538 2180 660 2255 ετέργει
685 2178 725 2241 τὰ
747 2178 907 2255 παρόντα,
930 2177 976 2239 πίε
1000 2177 1040 2240 ἂν
1064 2178 1139 2255 ἡμῖν
1160 2179 1288 2253 γένοιτο
1314 2182 1379 2242 τῶν

208 2267 378 2346 χρημάτων
398 2266 532 2330 διάθεειε
556 2268 607 2329 καί
630 2271 749 2345 χρῆειε;
778 2271 860 2329 Nata
878 2275 944 2329 erat
962 2271 993 2328 in
1016 2271 1115 2329 animo
1140 2272 1204 2330 eius
1227 2273 1380 2347 perceptio

208 2361 385 2421 secundaria
404 2354 548 2435 ‘pridiani
586 2359 700 2419 Aderat
718 2360 870 2435 perceptio
890 2378 961 2418 sono
980 2365 1108 2435 cognata
1127 2353 1267 2435 ‘pinian',
1291 2378 1380 2435 quam

207 2449 309 2525 paucis
328 2450 428 2510 verbis
447 2454 536 2507 antea
553 2453 741 2524 perceperat,
759 2449 888 2508 validior
906 2449 981 2524 ideo,
1001 2449 1072 2526 quia
1091 2449 1137 2506 bie
1156 2441 1223 2507 erat
1240 2450 1379 2510 excitata.

208 2539 357 2616 Repressa
370 2539 464 2613 igitur
478 2539 667 2614 perceptione
683 2532 814 2613 ‘pedian'
829 2539 974 2613 scriptum
989 2542 1036 2596 est
1053 2536 1093 2613 id,
1108 2557 1166 2613 quo
1179 2539 1239 2596 iam
1250 2538 1379 2596 desitum

207 2629 244 2686 iri
264 2646 349 2703 spero
368 2627 523 2685 Plutarchi
541 2627 678 2686 libellum
697 2626 906 2686 commaculari
924 2617 1080 2706 ueriov.²)

290 2716 357 2779 seo
377 2735 503 2793 quorsus
529 2714 641 2774 haecl.
663 2717 723 2774 Cur
747 2716 993 2791 philosophorum
1020 2715 1205 2774 subtilitates
1230 2715 1262 2774 in
1286 2718 1380 2791 philo-

208 2806 319 2882 logiam
329 2805 473 2864 traduco?
499 2804 545 2863 Sit
557 2808 639 2864 recte
649 2805 838 2880 explicatum,
853 2805 1000 2886 quomodo
1015 2807 1175 2863 nascantur·
1189 2804 1381 2865 librariorum

210 2913 339 2954 errores:
358 2913 431 2952 num
449 2893 505 2952 ulli
522 2894 589 2953 ideo
607 2892 796 2953 coniecturae
814 2895 883 2969 plus
901 2894 970 2952 fidei
984 2893 1182 2952 habebimus?
1202 2894 1283 2952 Num
1297 2895 1379 2970 quid·

211 3002 301 3058 quam
320 2984 458 3042 effectum
472 2985 527 3055 est,
545 2983 604 3040 nisi
622 2987 657 3041 ut
675 2984 758 3041 cuius
776 2983 821 3040 rei
834 2986 925 3042 verbo
945 2986 1034 3041 antea
1051 2982 1251 3042 indicaremus
1266 3003 1380 3056 causas,

208 3072 341 3131 eiusdem
362 3072 493 3149 origines
512 3091 591 3130 nunc
609 3071 707 3147 longis
731 3071 909 3146 ambagibus
928 3071 1163 3147 persequamur?
1200 3071 1310 3130 Fateor
1333 3091 1380 3130 me

208 3162 328 3236 quidem
347 3164 519 3219 contentum
538 3161 630 3219 etiam
649 3179 684 3218 eo
703 3160 838 3218 futurum
856 3160 959 3237 fuisse,
979 3160 1004 3218 si
1023 3160 1151 3219 ecaueis
1170 3161 1380 3221 remotioribus

208 3249 431 3326 derivavissem,
450 3268 528 3326 quae
547 3249 840 3324 apropinquioribus
859 3250 995 3309 solebant
1009 3248 1156 3324 derivari3
1176 3269 1262 3324 spero
1278 3255 1378 3309 tamen

208 3339 353 3398 crassiore
377 3340 469 3397 etiam
492 3341 527 3396 ut
545 3339 631 3396 aiunt
649 3338 737 3396 Musa
755 3339 800 3397 rei
818 3339 866 3398 hic
890 3338 1055 3414 explicatae
1077 3338 1243 3397 utilitatem
1262 3339 1380 3397 demon-

208 3427 301 3486 strari
318 3447 415 3502 posse.
452 3426 511 3486 Sed
529 3446 597 3486 cum
615 3426 691 3485 illud
715 3427 789 3485 mihi
812 3427 1031 3502 proposuerim,
1051 3429 1086 3484 ut
1109 3428 1213 3485 eodem
1236 3447 1379 3504 responso

207 3517 344 3592 pluribus
364 3516 547 3575 satisfaciam
567 3516 801 3592 quaestionibus,
821 3516 986 3576 subsistere
1005 3515 1053 3574 hic
1072 3516 1162 3575 liceat
1181 3519 1212 3575 et
1225 3536 1303 3576 nunc
1317 3517 1380 3592 qui,-

210 3606 276 3665 dem
296 3607 425 3665 transire
444 3606 483 3663 ad
502 3605 593 3663 aliud.

297 3694 578 3770 Interpretamentis
592 3694 743 3753 interdum
753 3695 847 3754 verba
861 3693 1041 3768 scriptorum
1051 3693 1242 3770 antiquorum
1257 3696 1381 3769 expulsa

209 3802 274 3842 esse
298 3776 382 3866 (narn
402 3785 438 3842 de
457 3782 647 3862 glossematis
670 3784 714 3843 ita
737 3784 769 3842 in
788 3786 903 3842 textum
921 3782 1064 3858 receptiS,
1087 3786 1122 3841 ut
1139 3786 1274 3842 maneret
1291 3784 1380 3844 lectio

209 3872 351 3947 genuina,
377 3874 424 3931 hio
448 3892 507 3932 non
525 3866 646 3952 loquor)
673 3891 760 3932 nemo
779 3891 912 3948 unquam
934 3890 1030 3946 neque
1049 3872 1174 3948 negavit
1191 3891 1246 3931 nec
1269 3874 1382 3948 poterit

299 4062 326 4129 2)
346 4060 388 4114 De
405 4058 509 4114 litteris
528 4058 645 4128 syllabis
664 4059 810 4115 vocabulis
833 4075 980 4128 perperam
1003 4058 1122 4114 adiectis
1146 4056 1291 4113 omissisve
1309 4059 1381 4114 nihil

209 4129 281 4198 dixi,
300 4131 367 4200 quia
385 4131 422 4185 ad
441 4129 616 4185 efficiendum
640 4130 670 4184 id
690 4130 763 4200 quod
784 4130 849 4184 volo
873 4147 942 4200 opus
961 4146 1017 4184 non
1036 4132 1108 4198 erat;
1132 4128 1267 4184 facillime
1285 4132 1380 4186 autem

209 4202 239 4255 id
253 4203 379 4271 legentes
399 4202 577 4270 supplebunt.
615 4201 723 4257 Eodem
741 4200 825 4256 modo
844 4218 900 4256 non
914 4203 1024 4256 locutus
1043 4219 1105 4255 sum
1128 4200 1162 4253 de
1181 4199 1320 4257 erroribus
1338 4202 1381 4257 ita

209 4272 291 4339 natis,
311 4275 333 4327 si
352 4274 413 4342 quie
432 4276 482 4327 aut
500 4272 676 4326 describebat
693 4290 765 4342 quae
785 4289 840 4327 non
854 4272 1049 4342 intellegebat,
1068 4273 1118 4326 aut
1136 4271 1270 4326 dictantis
1284 4289 1381 4328 vocem

209 4343 390 4468 sequplbatur:
410 4344 473 4397 ideo
488 4343 605 4411 scilicet,
623 4343 690 4412 quia
708 4346 779 4399 haec
794 4344 966 4411 simpliciora
980 4343 1066 4397 etiam
1080 4341 1116 4396 iis
1137 4344 1212 4409 eunt,
1232 4342 1381 4412 dequibus

210 4432 261 4485 ego
301 4432 406 4469 isserur.
