3050 5109
647 174 771 232 Eualdus
788 175 897 231 Bruhn:

447 338 560 407 δπόςοι
578 336 611 405 τ’
630 338 762 407 ἔποικον
780 337 927 428 ἁγνᾶςίῧ)

447 428 549 496 Ἀςίας
568 431 642 496 έδος
661 432 824 512 νέμονται,

360 527 424 585 415
450 519 709 599 μεγαλοςτόνοιςι
728 526 794 586 ςοῖς
813 524 872 601 πή-

449 630 520 688 μαςι
539 609 747 689 ςυγκάμνουςι
766 609 886 676 θνατοί.

450 698 603 778 Κολχίδος
621 719 656 766 τε
677 703 736 776 γᾶς
755 699 874 765 ἔνοικοι

448 789 603 867 παρθένοι
621 787 723 868 μάχας
742 787 886 868 ἄτρεςτοι

448 879 500 941 καὶ
518 878 647 942 (κυθών
666 877 786 957 ὅμιλος,
805 879 836 943 οἳ
855 882 914 954 γᾶς
965 919 968 922 ι

360 974 426 1032 420
449 965 585 1045 ἔςχατον
602 965 706 1031 τόπον
725 965 806 1047 ἀμφὶ
826 969 904 1032 Μαι-

449 1059 526 1120 ῶτιν
545 1054 672 1134 ἔχουςιν
691 1055 818 1135 λίμναν,

393 1141 397 1148 ’
449 1142 597 1224 Ἀραβίας
615 1140 647 1207 τ’
665 1143 794 1224 Ἄρειον
814 1144 923 1223 ἄνθος,

449 1232 648 1312 ὑψίκρημνον
667 1235 697 1298 οἳ
717 1234 854 1313 πόλιςμα

451 1321 614 1387 Καακάςου
633 1325 733 1387 πέλας
752 1325 910 1402 νέμονται.

193 1472 360 1548 Deplorare
384 1470 597 1531 Prometheum
624 1469 766 1530 dicuntur
792 1470 862 1530 inde
885 1491 904 1530 a
926 1491 953 1531 v.
978 1470 1042 1528 414
1070 1468 1093 1526 ii
1115 1469 1168 1545 qui
1192 1469 1299 1529 Asiam
1321 1469 1365 1527 in-

193 1563 304 1621 colunt.
341 1560 433 1620 Asiae
458 1558 538 1618 enim
561 1557 689 1635 Scythas
712 1560 818 1634 etiam,
844 1561 896 1636 qui
924 1560 1002 1619 oiroa
1026 1558 1160 1618 Maeotin
1184 1558 1366 1634 habitarent,

193 1650 360 1710 attribuere
383 1650 505 1725 poterat
526 1647 710 1732 Aeschylus,
738 1648 765 1708 si
788 1651 970 1725 sequebatur
996 1667 1062 1724 eos,
1086 1648 1138 1723 qui
1161 1642 1281 1708 Τάναϊν
1307 1644 1365 1707 τὸν

194 1734 342 1813 ποταμὸν
360 1734 412 1798 καὶ
430 1735 591 1812 πορθμήία
604 1733 644 1797 τὰ
655 1735 805 1812 Κιμμέρια
819 1736 967 1812 λέγοοςιν
986 1729 1174 1817 (οὐρίςματα
1196 1730 1296 1810 Ἀςίης
1315 1732 1367 1795 καὶ

194 1819 362 1908 Εὐρώπης)
383 1823 467 1903 [Her.
486 1825 539 1900 IV,
559 1824 625 1903 45],
661 1826 740 1885 Nam
764 1827 822 1887 etsi
845 1828 877 1886 in
899 1828 1003 1887 libello
1026 1827 1077 1901 qui
1100 1826 1274 1885 inscribitur
1292 1822 1367 1899 περὶ

193 1913 300 1992 ἀέρων
318 1911 446 1976 ὑδάτων
464 1910 589 1989 τόπων,
613 1916 698 1975 ouius
716 1917 822 1975 auotor
841 1916 969 1976 eundem
988 1915 1078 1974 Asiae
1102 1919 1134 1974 et
1151 1915 1289 1990 Europae
1308 1917 1367 1973 ter-

193 2009 306 2066 minum
325 2005 435 2065 statuit
456 1996 512 2084 (21
539 2001 629 2078 μέχρι
648 2001 831 2065 Μαιώτιδος
850 2002 973 2080 λίμνης·
996 1998 1092 2065 οὗτος
1110 1999 1172 2077 γὰρ
1195 1999 1292 2078 οὖρος
1310 2003 1367 2078 τῆς

195 2090 348 2169 Εὐρώπης
366 2089 418 2154 καὶ
436 2094 492 2166 τῆς
510 2084 626 2174 Ἀςὶης)
652 2093 749 2153 eidem
768 2093 897 2171 Scythae
915 2096 1053 2169 Europae
1076 2092 1284 2153 attribuuntur
1308 2086 1365 2170 (26

194 2182 230 2245 ἔν
250 2180 286 2243 δὲ
305 2185 343 2262 τῇ
362 2178 497 2260 Εὐρώπη
517 2178 600 2242 έςτλν
620 2177 714 2243 ἔθνος
733 2180 901 2258 (καθικὸν,
924 2178 1035 2257 δπερὶ
1058 2180 1116 2257 τὴν
1140 2176 1253 2256 λίμνην
1271 2177 1367 2241 οἰκέει

194 2271 253 2348 τὴν
273 2265 445 2348 Μαιῶτιν),
466 2273 698 2332 consentaneum
717 2276 776 2349 est,
795 2273 847 2349 qui
865 2273 944 2333 oiroa
961 2273 1094 2332 Maeotin
1112 2271 1296 2344 habitarent,
1316 2289 1367 2330 eos

194 2381 255 2423 non
276 2361 375 2421 minus
397 2360 473 2420 bene
495 2378 585 2436 quam
608 2360 747 2436 Europae
772 2363 862 2421 Asiae
889 2362 1017 2422 attribui
1040 2379 1143 2438 posse;
1171 2364 1203 2420 et
1227 2360 1368 2420 attribuit

195 2452 264 2510 huie
281 2449 453 2526 Euripides:
472 2448 538 2524 Iph.
558 2448 592 2507 Τ.
609 2451 672 2509 132
684 2469 723 2509 ss.

451 2567 604 2634 Ἑλλάδος
624 2567 762 2635 εὐίππου
782 2570 925 2650 πύργους

355 2721 360 2738 ,
452 2659 503 2722 καλ
521 2658 609 2738 τείχη
630 2658 757 2738 χόρτων
775 2658 808 2724 τ’
827 2661 1009 2739 εὐδένδρων

453 2746 643 2815 ἐξαλλάξας’
661 2748 818 2829 Εὐρώπαν

195 2891 247 2979 (de
265 2897 355 2957 ehoro
372 2895 485 2956 ibidem
502 2887 729 2977 habitante).⁴⁶)

286 2985 400 3056 Quodsi
417 2984 484 3061 quis
503 2984 657 3061 putaverit
666 2985 859 3063 Aesohylum,
878 2986 970 3046 etiam
988 2986 1014 3046 si
1032 3004 1136 3045 eorum
1155 3005 1187 3045 se
1202 2987 1369 3045 sententiae

197 3075 370 3152 addixisset,
389 3075 440 3150 qui
459 3074 588 3134 Phaside
606 3073 698 3134 fluvio
717 3075 822 3134 Asiam
841 3077 873 3133 et
891 3075 1043 3151 Europam
1061 3075 1250 3151 dirimerent,
1267 3077 1370 3135 tamen

196 3167 270 3226 haee
289 3165 420 3225 seribere
438 3163 581 3241 potuisse,
600 3163 645 3222 ita
659 3163 782 3236 scilieet,
802 3168 837 3222 ut
847 3164 938 3223 Asiae
952 3168 1202 3224 oommemoratae
1216 3164 1248 3222 in
1261 3184 1289 3224 τ.
1304 3165 1370 3222 414

197 3256 360 3331 opponeret
374 3257 436 3313 tres
452 3253 590 3328 Europae
609 3255 715 3328 gentes
734 3245 921 3333 (Colchidem
940 3253 1029 3330 enim,
1047 3256 1083 3336 ut
1101 3272 1177 3330 quae
1196 3254 1227 3311 in
1244 3252 1369 3313 oonfinio

198 3347 258 3405 sita
272 3344 312 3404 sit
323 3342 509 3418 Cauoasique
522 3342 635 3402 ineolas
650 3342 788 3418 Europae
803 3343 895 3402 etiam
909 3342 1036 3402 attribui
1050 3336 1162 3423 posse),
1178 3342 1286 3402 erroris
1301 3361 1370 3400 eum

199 3428 357 3495 oonvinoet
375 3431 546 3491 Herodotus
564 3430 730 3491 certissime
749 3430 921 3491 Colchidem
939 3432 1031 3491 Asiae
1050 3432 1214 3492 vindicans.
1245 3432 1276 3490 Is
1291 3431 1371 3490 enim

200 3520 372 3584 certaminis
391 3520 473 3580 illius
491 3519 572 3596 quod
590 3520 819 3580 desoribendum
838 3522 894 3582 sibi
912 3522 1081 3599 proposuit,
1105 3522 1185 3582 inter
1207 3520 1372 3597 primordia

200 3602 389 3692 reeenset⁴⁷),
412 3610 492 3687 quod
510 3608 600 3670 Iason
617 3610 794 3686 Europaeus
813 3611 950 3671 Medeam
968 3611 1102 3687 rapuerit
1120 3610 1274 3672 Asianam.
1308 3610 1372 3668 Aut

201 3701 296 3778 igitur
313 3700 365 3759 ille
384 3717 555 3775 quanquam
573 3700 604 3758 in
615 3699 706 3760 Asiae
726 3703 757 3760 et
771 3700 909 3776 Europae
922 3701 1065 3761 terminos
1081 3700 1287 3778 inquisiverat,
1305 3717 1371 3760 esse

290 3944 336 4011 45)
326 3939 552 4066 )Exp'liioatione
572 3943 637 4011 eget
655 3941 727 3994 illud
745 3942 845 4009 ἁγνᾶς,
869 3941 945 4011 quod
968 3943 1108 3997 terrarum
1132 3940 1291 3997 nominibus
1315 3959 1372 3997 non

202 4012 373 4069 attribuitur
427 4010 518 4066 detur
537 4015 632 4067 autem
651 4012 731 4067 sedes
746 4015 840 4067 oaetae
854 4011 940 4068 Asiae
953 4030 1048 4069 vooarr
1040 4014 1125 4069 Asia
1140 4016 1266 4082 (τάλαινα
1280 4015 1372 4082 μήτηρ

201 4086 376 4154 Προμηθέως
389 4082 549 4153 appellatur
558 4084 624 4152 Lyo.
637 4087 726 4153 1283),
741 4083 814 4139 siout
828 4083 954 4140 aPerseo
968 4085 1115 4141 Persarum
1131 4084 1211 4156 origo
1225 4085 1373 4140 deducitur

201 4157 276 4212 Pers
298 4163 330 4212 79
348 4155 520 4236 χροςογόνοιι
539 4161 635 4221 γενεᾶς
653 4156 758 4210 ίςδθεος
776 4161 847 4224 φῶς.

292 4231 337 4296 46)
356 4224 586 4282 Ριοδοίιίίίιιοίιιιο
606 4242 672 4297 ergo
691 4226 721 4280 in
740 4245 766 4281 v
776 4232 829 4281 410
842 4226 894 4301 (θ’
907 4226 1046 4300 ἑςπέριοι)
1063 4226 1183 4283 inseruit
1202 4226 1373 4283 Weoklinus.

291 4303 378 4368 47),
355 4297 368 4351 I
387 4304 405 4353 4
418 4300 572 4366 προτέρους
585 4300 638 4366 γὰρ
653 4300 732 4366 ἄρξαι
741 4302 934 4367 ςτρατείιεςθαι
948 4301 976 4354 ές
989 4303 1043 4367 τὴν
1058 4300 1148 4367 Ἀςίην
1157 4303 1175 4368 ἢ
1184 4301 1269 4369 ςφέας
1283 4301 1374 4369 ἔςτὴν

203 4371 338 4440 Εὐρώπην
357 4341 391 4426 c'f.
411 4369 477 4440 Lyn.
498 4375 613 4425 1309ss.
1024 4429 1026 4434 ,
