3050 5109
380 239 620 294 Lucubrationum
637 239 852 310 Euripidearum
871 241 964 310 capita
982 242 1095 297 selecta.
1257 241 1322 305 281

367 401 453 481 ὅμως
473 401 505 467 δ’
524 402 685 470 ἀπέκτειν’
705 405 763 470 οὐκ
782 403 952 486 ἀπειθήςας
972 412 1049 491 θεῷ·

367 491 455 569 κάγὼ
475 496 635 574 μετέςχον,
656 493 709 558 οἶα
728 497 766 574 δη
786 498 880 575 γυνή,
900 495 1006 575 φόνου

367 581 520 661 Πυλάδης
539 582 580 663 θ’,
599 585 639 647 ὃς
658 584 746 663 ἡμῖν
766 585 1102 664 ςυγκατείργαςται
1121 585 1221 650 τάδε.

149 729 174 789 i.
199 750 223 788 e.
246 729 434 806 Pyladesque
458 723 569 800 (caedis
593 732 743 808 particeps
767 724 852 810 fuit),
877 732 928 808 qui
950 732 1106 792 nobiscnm
1125 734 1239 792 facinus
1258 753 1323 808 per·

146 819 295 895 petrarit.
328 820 370 877 At
387 838 442 895 ego
462 838 567 878 sanum
586 821 735 879 hominem
753 822 886 881 nondum
905 821 1006 882 audivi
1024 823 1150 882 relativo
1169 823 1324 881 enuntiato

148 910 243 985 plane
258 908 336 966 idem
350 908 508 968 addentem
527 913 616 985 atque
636 911 716 985 quod
734 911 814 970 clare
833 928 1004 986 expressum
1023 914 1070 970 est
1088 912 1180 970 verbo
1199 913 1325 987 regenti.

148 998 246 1056 Proin
270 1000 324 1056 aut
346 998 488 1073 exemplis
512 999 657 1057 eiusmodi
680 999 810 1074 ineptiae
834 1000 974 1060 convince
997 1000 1171 1075 Euripidem
1195 1004 1248 1059 aut
1270 1001 1325 1060 hoc

150 1088 218 1147 fere
237 1088 275 1147 ab
294 1106 329 1147 eo
349 1087 493 1162 scriptum
512 1088 649 1147 concede:

368 1224 521 1304 Πυλάδης
540 1225 581 1307 θ),
600 1227 636 1290 ὃς
659 1226 734 1306 ἡμῖν
753 1224 963 1308 <ςυγγενής
982 1225 1013 1290 τ)
1033 1228 1256 1306 ἐφευρεθεὶς

369 1314 484 1394 φίλος
501 1313 533 1379 τ)
553 1314 720 1399 ἀληθὴς>
741 1316 1017 1394 ςυγκατείργαςται
1036 1316 1120 1380 τάδε.

154 1463 245 1539 Soph.
264 1462 312 1525 Ai.
333 1465 418 1522 1226

273 1599 336 1677 Ἀγ.
370 1602 402 1664 ςέ
422 1601 460 1680 δὴ
480 1600 519 1664 τὰ
538 1600 628 1664 δεινά
645 1596 761 1680 ῥήματ>
780 1598 969 1676 άγγέλλουςί
987 1621 1040 1680 μοι

368 1693 479 1769 τλῆναι
499 1687 571 1754 καθ’
591 1690 680 1768 ἡμῶν
700 1687 764 1754 ὧδ’
784 1688 1012 1767 ἀνοιμιυκτεί
1032 1694 1178 1767 χανεῖν;

154 1840 221 1915 Ego
235 1838 288 1914 qui
301 1837 398 1913 possit
415 1838 595 1914 interrogari
615 1836 732 1914 aliquis,
751 1856 881 1896 aususne
900 1838 939 1896 sit
958 1838 1055 1896 facere
1074 1837 1187 1912 aliquid
1206 1836 1327 1912 impune

153 1948 215 1987 non
238 1927 369 2002 dispicio.
406 1927 523 1986 Poenae
547 1927 626 1986 enim
649 1926 754 1986 dilatio
778 1946 850 1984 num
874 1930 921 1986 est
939 1945 1031 2003 penes
1049 1925 1167 2004 ipsum?
1199 1924 1327 1984 Videtur

155 2018 255 2093 potius
274 2017 318 2076 ita
336 2017 400 2077 fere
419 2017 584 2093 supplenda
604 2035 668 2076 esee
689 2016 850 2076 sententia:

370 2156 402 2218 ςέ
422 2155 459 2232 δὴ
479 2153 520 2217 τά
538 2122 627 2217 δεινὰ
646 2150 762 2234 ρήματ>
780 2152 971 2231 άγγέλλουςί
990 2173 1042 2231 μοι

369 2247 480 2323 τλῆναι
499 2240 572 2308 καθ’
591 2244 682 2322 ἡμῶν
701 2240 788 2325 <cbo
808 2242 1067 2321 άναιςχιίντως
1088 2246 1233 2322 βαλεῖν;

369 2330 427 2412 ἆρ’
447 2328 571 2396 ἐλπίδ’
591 2330 717 2416 είχες>
738 2330 799 2396 ὧδ’
818 2331 990 2410 ἀνοιμυικτὶ
1009 2337 1133 2410 χανεῑν;

159 2482 193 2543 In
211 2481 402 2559 Supplicibus
421 2479 590 2557 Aeschylos
608 2480 746 2540 lacunam
767 2480 876 2539 statuit
894 2478 1095 2539 Kirchhoffius
1113 2481 1183 2555 post
1201 2499 1229 2541 ν.
1249 2481 1327 2539 908:

257 2609 320 2667 907
366 2601 484 2665 ταύτας
504 2598 536 2664 δ’
556 2600 687 2665 ἑκοάςας
707 2601 763 2678 μὲν
783 2596 855 2664 κατ’
870 2600 1000 2665 εὔνοιαν
1019 2603 1151 2680 φρενῶν

337 2711 339 2716 ’
370 2689 460 2767 ἄγοις
479 2689 528 2768 ἂν,
548 2688 638 2768 εἴπερ
658 2689 788 2769 εὐςεβὴς
806 2690 893 2755 πίθοι
913 2688 1018 2765 λόγος.

369 2778 477 2844 τοιάδε
498 2778 720 2857 δημόπρακτος
739 2780 774 2842 ἐκ
793 2778 921 2843 πόλεως
939 2778 994 2857 μία

369 2874 481 2948 ψῆφος
500 2869 680 2947 κέκρανται,
700 2866 818 2948 μήποτ’
838 2869 986 2933 ἐκδοῦναι
1007 2867 1057 2951 βίᾳ

370 2958 485 3022 ςτόλον
503 2961 671 3036 γυναικῶν,

159 3100 226 3188 (nec
253 3107 367 3184 primus
395 3106 446 3165 ille
474 3096 610 3186 statuit),
637 3105 668 3163 id
691 3105 771 3181 quod
793 3124 847 3181 per
871 3123 903 3164 se
927 3105 1000 3164 satis
1024 3104 1179 3181 probabile
1202 3102 1329 3163 videtur.

160 3196 232 3267 Quis
250 3197 329 3256 enim
343 3194 503 3255 crediderit
515 3212 603 3271 posse
621 3194 652 3253 in
672 3195 857 3271 oppositione
877 3198 939 3254 tam
957 3194 1029 3253 forti
1047 3194 1146 3253 omitti
1163 3194 1330 3253 membrum

117 3277 127 3292 ⁹
159 3285 307 3346 alterum?
341 3284 413 3355 Quis
432 3303 502 3344 vero
522 3284 628 3343 referri
646 3283 721 3342 illud
740 3278 847 3344 τοιάδε
868 3285 904 3343 ad
924 3284 1051 3360 aliquid,
1069 3283 1149 3359 quod
1170 3303 1229 3343 non
1248 3286 1330 3342 extet

159 3377 290 3450 omnino,
309 3375 361 3435 sed
380 3375 555 3450 suppleatur
572 3375 691 3433 tantum
710 3373 888 3449 cogitando?
921 3372 957 3433 V.
977 3392 999 3433 s.
1019 3374 1100 3435 Pers.
1121 3375 1228 3433 500ee.

372 3511 483 3591 χῶςτις
503 3511 560 3589 μὲν
579 3512 668 3590 ἡμῶν
687 3510 761 3589 πρὶν
782 3515 986 3589 ςκεδαςθῆναι
1005 3514 1081 3576 θεοῦ

372 3600 501 3666 ἀκτῖνας
519 3599 662 3679 ὡρμήθη,
682 3600 875 3682 ςεςῳςμένος
894 3604 990 3676 κυρεῖ.

371 3688 579 3770 φλέγωνγάρ
594 3689 708 3766 αὐγαῖς
727 3690 872 3767 λαμπρὸς
891 3688 983 3767 ἡλίου
1002 3688 1116 3752 κύκλος

371 3780 467 3859 μέςον
486 3778 591 3857 πόρον
611 3782 696 3857 διῆκε
716 3776 896 3857 θερμαίνων
916 3778 1027 3858 φλογί,

160 3932 212 3990 ubi
232 3929 259 3989 si
277 3930 413 3990 nostrum
433 3927 585 4004 sequimur
604 3945 733 4001 sensum,
751 3944 823 3985 num
842 3925 960 3985 facilius
979 3944 1113 3985 caremus
1132 3926 1226 3985 altero
1242 3944 1330 4000 oppo-

160 4020 277 4080 sitionis
300 4016 456 4078 membro?
490 4016 609 4076 Scilicet
631 4019 666 4075 ut
687 4016 748 4074 illic
771 4009 893 4089 τοιάδε,
918 4015 962 4073 ite
984 4015 1033 4074 hio
1055 4010 1117 4089 γάρ
1140 4015 1330 4073 referendum

160 4111 206 4170 est
225 4109 263 4169 ad
282 4108 407 4185 aliquid,
430 4105 509 4184 qnod
527 4125 565 4164 ne
584 4107 665 4166 extat
684 4105 813 4181 quidem.
849 4104 953 4179 Neque
972 4105 1029 4163 huc
1047 4123 1107 4164 non
1125 4104 1199 4164 facit
1217 4103 1330 4179 Theog.

86 4217 92 4224 ‘
159 4201 221 4260 903
230 4217 270 4259 ss.

329 4377 334 4384 .
370 4316 477 4384 ‘'Ocnc
495 4313 655 4380 άνάλωςιν
673 4318 763 4393 τηρεῖ
781 4314 860 4378 κατὰ
880 4314 1024 4393 χρήματα
1042 4317 1063 4394 †
1082 4316 1188 4392 θηρῶν

497 4404 641 4483 κυδίςτην
661 4402 778 4483 ἀρετὴν
797 4408 864 4469 τοῖς
884 4407 1029 4468 ςυνιεῖςιν
1048 4402 1124 4481 ἔχει.
