3050 5109
201 210 266 274 318
657 207 782 265 Evaldus
801 172 909 263 Bruhn':

290 379 374 440 Inter
387 380 538 441 Electram
553 381 583 438 et
597 378 743 439 Helenam
763 377 941 455 Euripideas
961 377 1048 437 docta
1067 380 1113 437 est
1126 378 1246 438 Electra
1260 378 1372 454 Sopho·

201 471 273 547 olea,
291 470 310 532 i.
331 490 355 531 e.
377 471 457 529 intra
476 487 568 530 annos
587 470 651 528 413
672 471 703 527 et
721 469 794 528 412.
831 468 926 543 Atqui
949 466 1010 526 illis
1034 468 1219 544 temporibus
1243 468 1371 528 Athenis

202 558 323 618 fabulae
342 559 525 618 docebantur
543 560 575 617 et
593 557 746 633 Dionysiis
767 560 797 617 et
814 555 950 616 Lenaeis.
987 556 1042 615 His
1066 561 1167 617 autem
1186 561 1288 616 utrum
1307 560 1371 617 tra·

200 647 325 725 goediae
343 667 437 708 novae
457 647 561 707 doctae
580 648 641 708 sint
658 665 749 707 necne
769 666 823 722 per
842 645 993 705 saeculum
1002 645 1039 721 V,
1065 650 1096 704 ct
1114 645 1269 706 dubitatur
1287 649 1319 705 et
1336 648 1372 706 ut

200 756 340 798 conemur
358 741 438 796 certe
456 756 545 812 quam
564 737 786 812 angustissimis
805 736 914 794 finibus
939 735 1182 795 circumscribere
1200 736 1372 812 suspicandi

201 827 342 903 spatium,
361 825 523 885 diiudicare
541 826 627 885 nobis
646 825 813 884 conandum
832 828 886 883 est.

287 915 420 991 Negavit
442 915 556 991 primus
580 913 733 974 Madvicus
757 907 819 991 (nl
845 913 947 989 philol.
967 913 1066 972 Schrr.
1086 905 1166 994 441)
1190 917 1367 989 argumento

199 1004 317 1064 innixus
340 1004 422 1064 huic:
447 1004 478 1062 in
497 1001 665 1063 didascaliis
692 1002 809 1063 comicis
835 1021 953 1077 semper
976 1005 1078 1062 utrum
1098 1002 1224 1062 Lenaeis
1244 1022 1281 1062 au
1300 1004 1370 1063 Dio·

198 1093 294 1169 nysiis
312 1094 432 1153 fabulae
451 1097 536 1152 actae
550 1092 621 1169 sint,
639 1092 775 1165 indicari,
793 1110 853 1150 non
870 1092 943 1150 item
962 1092 994 1150 in
1011 1091 1143 1167 tragicis.
1180 1092 1294 1150 Verum
1312 1093 1369 1152 hoc

198 1186 258 1259 est,
276 1182 456 1242 monendum
476 1184 522 1241 est
540 1185 642 1240 autem
655 1200 732 1257 quae
745 1200 839 1257 prope
853 1181 961 1239 ultima
974 1184 1106 1240 aetatem
1120 1182 1192 1240 tulit
1206 1181 1369 1241 didascalia

197 1271 381 1331 Philoctetae
401 1271 582 1347 Sophocleae
601 1262 769 1352 (pertinens
787 1270 840 1329 illa
858 1269 897 1329 ad
915 1289 941 1330 a.
950 1263 1038 1351 409),
1057 1289 1091 1328 ea
1110 1289 1177 1329 cum
1195 1271 1226 1328 in
1245 1270 1303 1330 fine
1318 1272 1367 1331 vel

197 1362 338 1421 mutilata
356 1362 396 1420 sit
414 1361 462 1422 rel
480 1360 512 1419 in
530 1361 651 1421 brevius
671 1363 830 1433 coarctata,
848 1359 924 1418 nihil
941 1359 1011 1419 inde
1026 1360 1099 1419 certi
1114 1360 1248 1418 concludi
1262 1379 1367 1436 posse3

197 1469 273 1525 quae
296 1451 404 1509 ultima
427 1452 548 1510 servata
567 1450 619 1527 sit,
642 1449 673 1507 in
692 1470 728 1509 ea
747 1449 892 1525 Dionysia
915 1449 1019 1509 urbica
1041 1448 1167 1508 indicari
1192 1441 1297 1528 (schol.
1315 1450 1368 1509 Ar.

198 1539 272 1598 Itan.
294 1532 359 1619 67).
389 1538 518 1599 Gravius
537 1539 613 1597 illud
632 1540 711 1614 quod
729 1557 806 1614 quae
824 1538 1001 1597 adferuntur
1018 1538 1161 1597 victoriae
1180 1537 1306 1597 Lenaeis
1325 1559 1370 1597 reu

196 1631 344 1706 portatae,
363 1646 413 1688 eas
429 1647 530 1687 omnes
545 1628 583 1687 ad
598 1628 750 1686 saeculum
764 1626 808 1685 IV
827 1628 976 1701 pertinere
990 1627 1144 1686 Madvicus
1164 1628 1369 1687 demonstrare

197 1720 329 1778 conatur.
358 1717 463 1793 Neque
482 1736 554 1777 vero
581 1717 627 1774 illi
649 1736 697 1775 res
720 1718 795 1776 bene
810 1716 913 1775 cessit:
938 1715 1095 1775 victoriam
1110 1716 1188 1775 enim
1198 1716 1379 1792 Agathonisv

196 1807 332 1882 primam,
353 1826 440 1883 quam
460 1806 497 1866 ad
514 1806 722 1865 celebrandam
741 1804 910 1865 convivium
924 1804 1113 1864 Platonicum
1127 1806 1298 1865 institutum
1314 1810 1367 1879 est,

196 1895 322 1955 Lenaeis
342 1915 368 1955 a.
388 1898 452 1956 417
472 1898 656 1972 reportatam
676 1914 740 1954 esse
763 1897 894 1953 testatur
912 1893 1086 1953 Athenaeus
1107 1897 1169 1955 217
1183 1895 1218 1953 A.
1248 1892 1369 1954 Obiece-

195 1986 267 2043 runt
290 1985 426 2046 Platonis
454 1985 635 2061 interpretes
663 1984 763 2044 verbis
787 1984 865 2044 Plat.
890 1983 993 2060 Symp.
1020 1980 1165 2059 175Εὴ
1192 1981 1226 2042 δὲ
1251 1982 1286 2058 (ἡ
1313 1978 1366 2063 (sc.

196 2067 319 2155 coptu),
344 2069 474 2148 λαμπρά
491 2090 526 2133 τε
550 2070 601 2133 καὶ
627 2071 752 2149 πολλὴν
777 2068 917 2132 έπίοοαν
937 2067 1066 2146 ἔχουςα,
1095 2066 1114 2146 ἥ
1138 2088 1175 2143 γε
1200 2068 1287 2146 παρὰ
1311 2073 1367 2132 (οὓ

195 2160 272 2223 νέου
292 2158 387 2224 ὄντος
402 2154 487 2223 οὕτω
503 2158 628 2239 εφόδρα
643 2159 803 2236 ἐξέλαμψε
822 2159 872 2221 καὶ
891 2158 1033 2237 ἐκφανῆ(
1052 2157 1182 2233 ἐγένετο
1202 2159 1315 2240 πρῴην
1330 2159 1366 2222 ἐν

194 2246 324 2326 μάρτνα
347 2252 413 2313 τῶν
435 2248 597 2329 Ἑλλήνων
621 2249 722 2311 πλέον
745 2249 765 2326 ἢ
789 2246 977 2325 τριεμυρίοι(
1004 2270 1064 2310 non
1090 2269 1177 2326 posse
1206 2251 1367 2327 significari

195 2341 329 2418 Lenaea,
356 2347 391 2402 ut
410 2343 518 2418 quibus
538 2342 611 2401 socii
629 2342 858 2400 Atheniensium
879 2341 1007 2400 Athenis
1030 2359 1089 2399 non
1112 2339 1249 2399 fuissent.
1287 2338 1367 2410 Quos

194 2432 359 2491 certissime
378 2430 537 2508 redarguit
554 2431 666 2490 Paulus
681 2430 800 2488 Nihitin
818 2430 851 2487 in
867 2430 945 2488 libro
965 2429 1086 2488 Eossice
1110 2430 1275 2505 conscripto
1295 2424 1367 2487 ‘Zur

195 2519 371 2580 Geschichte
391 2521 444 2579 der
463 2520 682 2579 dramatischen
701 2519 908 2594 Wettktmpfe
930 2519 962 2577 in
981 2511 1094 2576 Athen'
1118 2517 1162 2577 St.
1182 2517 1367 2595 Petersburg

198 2609 282 2668 1882
308 2601 358 2691 (cf.
378 2607 736 2669 Philol.Wochenschrift
753 2607 809 2680 III,
830 2610 893 2667 964
910 2600 964 2688 ss.)
983 2607 1129 2682 imprimis
1149 2608 1184 2667 cl.
1204 2607 1256 2666 Ar.
1274 2607 1366 2683 Vesp.

195 2689 286 2778 (quae
304 2699 410 2758 fabula
428 2699 516 2758 docta
535 2701 582 2758 est
599 2698 724 2757 Lenaeis
744 2716 771 2757 a.
789 2690 869 2777 423)
888 2717 916 2756 v.
938 2699 1024 2757 1010

566 2798 756 2879 ὧμυριάδε(
777 2798 991 2878 ἀναρίθμητοι.

283 2930 341 2989 Sed
358 2931 391 2991 in
407 2932 463 2991 hoc
482 2930 673 3006 adquiescere
692 2949 752 2989 non
770 2948 936 3006 possumus.
964 2930 1159 2989 Demonstrat
1178 2929 1257 2989 enim
1271 2929 1363 2990 Udal·

191 3081 290 3136 liorem
309 3099 370 3137 esse
388 3083 530 3140 Electram
549 3083 578 3138 et
595 3082 671 3138 idem
689 3080 868 3152 probabitur,
888 3080 913 3136 ei
931 3079 1072 3153 singulare
1097 3082 1212 3151 aliquod
1230 3081 1364 3137 licentiae

191 3170 280 3221 genus
298 3154 526 3209 consideraveris.
555 3154 626 3208 Vide
646 3154 719 3208 enim
738 3154 811 3208 hanc
829 3154 964 3223 tabulam,
984 3172 1039 3222 qua
1052 3154 1182 3222 quotiens
1200 3153 1362 3210 inveniatur

191 3225 220 3276 in
240 3223 260 3278 C
280 3225 397 3280 senariis
416 3225 547 3280 diaeresis
565 3228 631 3294 post
648 3226 748 3294 pedem
767 3226 883 3279 tertium
901 3226 943 3280 ita
960 3228 992 3279 ut
1008 3223 1161 3294 praecedat
1175 3226 1362 3294 pyrrhichius,

190 3297 318 3350 notatum
338 3300 388 3351 est.
424 3296 539 3351 Habent
556 3296 585 3349 in

299 3385 442 3441 Alcestide
479 3386 562 3440 decta
597 3402 621 3442 a.
641 3390 693 3440 438
712 3387 785 3440 hanc
804 3385 940 3441 diaeresin
959 3386 1133 3441 senariorum
1157 3386 1254 3457 0‚sa⁰l,

298 3457 399 3513 Medea
507 3498 523 3526 ‚,
595 3474 620 3512 a.
639 3463 691 3512 431
738 3500 755 3527 „
863 3499 879 3526 „
1041 3501 1057 3527 „
1157 3457 1252 3559 urcy,

298 3528 451 3599 Hippolyto
507 3570 523 3597 λ
596 3544 621 3583 a.
640 3534 693 3583 429
740 3570 756 3597 „
864 3571 881 3597 „

298 3600 453 3662 Troadibus
508 3642 523 3668 ‚‚
596 3617 621 3654 a.
640 3605 693 3653 415
739 3641 755 3668 ,,
864 3642 880 3669 ,,

296 3671 404 3726 Helena
507 3712 523 3738 „
596 3688 620 3726 a.
640 3676 692 3725 412
739 3713 755 3739 ‚,
864 3711 879 3739 „

297 3742 396 3797 Oreste
503 3784 520 3811 „
593 3760 617 3799 a.
637 3747 689 3796 408
734 3782 751 3810 „
860 3785 877 3812 „

190 3849 255 3885 nam
268 3829 394 3886 Bacchas
409 3833 438 3886 et
451 3831 629 3901 Iphigeniam
644 3830 824 3886 Aulidensem
844 3832 883 3900 (in
898 3831 998 3900 quibus
1015 3833 1081 3886 sunt
1098 3838 1151 3900 3‚es
1162 3833 1193 3904 ⁰s,
1209 3832 1239 3886 et
1252 3839 1305 3901 4,ae
1317 3833 1360 3906 010)

190 3905 255 3972 post
272 3901 413 3971 Euripidis
427 3906 545 3957 mortem
561 3904 658 3957 doctas
674 3919 733 3956 esse
748 3903 916 3971 accepimus,
935 3903 1047 3970 quando
1062 3904 1183 3973 scriptae
1198 3903 1263 3971 sint,
1281 3904 1361 3973 igno·

188 3991 291 4029 ramus.
327 3973 441 4028 Electra
459 3977 566 4040 autem,
590 3990 662 4042 quae
679 3978 753 4028 inter
772 3974 896 4027 Troadas
914 3980 945 4028 et
958 3974 1093 4029 Helenam
1117 3974 1289 4030 conlocanda
1307 3980 1359 4045 est,

190 4044 277 4100 habet
296 4045 398 4117 l,cn⁰s,.
432 4043 656 4100 Consentaneum
675 4049 718 4099 cst
736 4045 875 4099 eiusmodi
893 4045 1076 4114 argumentis,
1101 4063 1173 4115 quae
1196 4046 1256 4115 ipse
1274 4048 1310 4101 de
1329 4065 1359 4101 se

190 4116 298 4171 iudicat
311 4123 405 4186 poeta,
424 4116 539 4185 infringi
558 4133 614 4169 non
633 4133 728 4185 posse;
746 4116 866 4171 fortasse
885 4119 980 4171 autem
994 4118 1128 4186 explicari
1146 4119 1242 4187 potest
1255 4136 1289 4172 ea
1303 4117 1360 4173 dis·

191 4190 343 4258 crepantia.
381 4187 454 4255 Quid
473 4188 565 4242 enim?
602 4186 764 4256 Euripidem
787 4186 817 4240 in
836 4188 947 4242 Electra
970 4188 1171 4244 conscribenda
1193 4206 1250 4243 non
1272 4189 1359 4244 desti-

190 4260 257 4314 tisse
276 4277 362 4314 manu
375 4276 485 4315 versare
500 4275 563 4313 eam
576 4258 709 4327 fabulam,
729 4259 775 4313 oui
785 4276 863 4313 suam
874 4261 1052 4329 oppositurus
1072 4264 1154 4329 esset,
1172 4276 1223 4329 per
1233 4277 1262 4315 se
1276 4260 1359 4314 intel-

187 4330 305 4400 legitur;
320 4349 355 4386 ex
363 4331 497 4399 Aeschyli
510 4333 605 4385 autem
616 4328 788 4400 Ohoephoris
802 4331 934 4386 severiori
950 4349 1078 4386 versuum
1093 4329 1190 4401 generi
1203 4331 1359 4401 paullisper

189 4402 249 4456 eius
268 4419 349 4458 aures
366 4402 452 4458 fuisse
469 4402 601 4458 adsuetas
620 4419 687 4457 num
706 4403 838 4458 abhorret
857 4420 874 4457 a
893 4410 975 4458 vero?
