3050 5109
193 260 261 322 314
651 256 775 311 Eraldus
794 256 902 311 Bruhn:

195 446 285 506 quae,
308 429 369 489 nisi
391 423 463 506 quid
481 427 642 504 obstiterit,
661 427 745 486 iubet
764 446 854 504 quam
877 426 1100 486 accuratissime
1125 426 1252 500 exprimi
1274 426 1369 487 verba

196 520 273 596 eius,
292 518 343 596 qui
363 516 566 596 παρῳδεῑται.

286 608 421 666 Tertium
449 597 604 666 Zieliriskii
628 609 838 682 argumentum
864 607 965 683 paullo
988 608 1094 682 postea
1119 605 1367 681 examinabimus3

194 716 275 756 nunc
304 696 385 772 quod
414 695 541 755 diximus
569 698 719 773 tenemus3
747 699 817 756 ante
844 698 954 757 11412
984 696 1102 755 doctam
1131 713 1195 754 esse
1215 695 1367 754 Electram

195 786 389 866 Sophocleum
417 786 466 844 vel
490 785 516 845 si
540 784 578 844 ad
601 786 700 859 ipsum
723 788 833 844 11412
857 785 1019 861 pertineat,
1047 784 1164 843 Helena
1191 786 1271 844 certe
1300 801 1366 843 esse

195 875 384 935 anteriorem.

286 962 350 1032 Ouo
361 964 521 1040 Euripides
537 964 570 1021 in
584 963 704 1022 Electra
718 963 875 1022 scribenda
889 963 1010 1022 consilio
1020 962 1127 1023 ductus
1143 964 1191 1037 sit,
1205 954 1366 1040 primusffl)

195 1054 275 1128 quod
294 1071 350 1127 ego
369 1054 460 1111 sciam
481 1052 555 1111 vidit
574 1052 732 1111 Udalricus
752 1053 789 1111 de
807 1051 1232 1111 Wilamouitz-Moellendorff
1248 1045 1365 1130 (Herm.

199 1144 249 1213 18,
270 1134 408 1221 21411).
443 1141 520 1199 Nam
549 1141 624 1199 illud
650 1140 766 1217 pridem
792 1142 985 1201 observatum
1014 1145 1061 1199 est
1079 1139 1310 1216 Clytemestram
1329 1141 1366 1199 ab

196 1231 338 1305 Euripide
357 1230 458 1289 induci
476 1228 636 1288 admodum
655 1231 759 1288 mitem
779 1235 870 1306 atque
889 1232 1051 1288 humanam
1070 1231 1102 1288 et
1120 1249 1156 1288 ex
1174 1230 1237 1289 eius
1254 1229 1367 1289 inuidia

197 1319 333 1378 nonnihil
363 1318 519 1379 deonerari
547 1318 692 1394 traicique
716 1320 749 1377 in
771 1320 966 1394 Aegisthum,
999 1319 1120 1378 caedem
1149 1322 1250 1377 autem
1276 1338 1366 1394 quam

156 1462 157 1465 ,
196 1408 399 1467 horridissime
413 1402 584 1466 institutam
600 1426 674 1482 esse,
694 1414 728 1466 ut
742 1410 849 1467 matris
863 1407 999 1483 quamvis
1014 1408 1158 1467 scelestae
1171 1408 1367 1467 misereamur

196 1501 299 1556 tamen
318 1497 431 1576 occisae
450 1516 469 1555 a
486 1497 599 1556 liberis.
636 1496 700 1556 Hoc
718 1498 770 1572 qui
789 1497 963 1573 explicaret,
988 1515 1043 1573 ego
1062 1514 1123 1555 non
1140 1497 1254 1572 inveni,
1279 1496 1367 1555 facile

196 1590 298 1645 autem
312 1585 371 1644 dici
384 1588 502 1661 poterat
512 1586 695 1660 Euripidem,
710 1606 769 1661 quo
779 1586 985 1645 vehementius
999 1588 1169 1660 percuteret
1183 1586 1369 1664 audientium

198 1676 322 1751 animoa,
341 1676 397 1735 hoc
410 1675 454 1733 ita
467 1674 644 1734 instituisse.
671 1675 715 1733 At
724 1676 813 1750 plura
822 1674 1069 1733 Wilamorritzius
1083 1675 1224 1750 protulit:
1238 1675 1367 1750 primum

201 1764 356 1824 Castorem
374 1764 585 1838 Pollucemque
603 1783 663 1823 uon
682 1765 779 1822 solum
797 1764 967 1840 improbare
986 1763 1101 1822 facinus
1120 1764 1157 1823 ab
1177 1762 1283 1823 Oreste
1302 1783 1367 1839 per-

197 1856 359 1929 petratum,
374 1872 480 1913 verum
490 1854 580 1911 etiam
590 1854 807 1929 reprehendere
823 1873 900 1930 eum,
914 1853 966 1927 qui
980 1857 1084 1911 auctor
1099 1852 1250 1912 extitisset
1259 1852 1368 1925 Oresti,

200 1943 384 2018 Apollinem3
410 1941 477 2000 dein
495 1942 633 2001 Electrae
651 1960 749 2000 mores
774 1944 812 2002 ab
832 1941 974 2018 Euripide
993 1941 1095 2000 dedita
1113 1960 1204 2016 opera
1222 1961 1287 2000 esse
1306 1961 1367 2000 cor-

198 2034 310 2108 ruptos.
348 2029 413 2090 Hoc
437 2034 537 2090 autem
560 2031 612 2089 ille
635 2031 836 2106 explicaturus
859 2031 990 2091 voluisse
1009 2029 1182 2107 Euripidem
1206 2030 1314 2089 statuit
1332 2049 1367 2089 eo

198 2122 360 2197 perducere
375 2119 539 2194 audientes,
557 2124 592 2179 ut
605 2120 664 2195 ipsi
678 2139 795 2196 quoque
809 2119 1040 2180 reformidarent
1054 2117 1192 2178 Orestam
1205 2120 1368 2179 Electram-

197 2229 255 2286 que
275 2213 307 2269 et
324 2209 535 2285 intellegerent
554 2209 629 2268 nihil
643 2228 775 2286 unquam
790 2210 935 2270 committi
950 2212 1078 2267 amatre
1092 2212 1154 2267 tam
1173 2209 1253 2268 foedi
1270 2228 1367 2285 posse,

197 2299 231 2357 ut
249 2299 470 2358 excusationem
488 2298 557 2356 inde
575 2301 694 2373 peteret
711 2299 878 2372 matricida,
896 2298 916 2360 i.
936 2318 961 2358 1.
978 2297 1090 2356 iniuria
1107 2301 1178 2356 ante
1196 2298 1265 2357 illos
1284 2297 1367 2355 XLV

195 2405 287 2447 anuos
306 2388 445 2462 plausum
465 2405 531 2447 esse
543 2387 684 2463 Aeschyli
699 2385 845 2447 Orestiae.
875 2387 993 2459 Quanto
1012 2390 1115 2446 autem
1133 2386 1184 2445 ille
1198 2387 1285 2462 qnasi
1298 2387 1366 2446 odic

195 2476 304 2553 flagret
323 2476 481 2553 Aeschyli,
509 2476 678 2536 luculenter
696 2479 828 2536 testatur
847 2497 880 2536 eo
904 2477 981 2551 loco,
1011 2477 1064 2534 ubi
1088 2477 1192 2552 inepta
1214 2494 1309 2551 aeque
1332 2495 1367 2535 ao

196 2566 311 2625 minuta
330 2565 488 2641 diligentia
502 2565 647 2641 Aeschyli
666 2559 909 2641 ἀναγνωριεμόν
927 2565 1105 2642 perstringit
1124 2557 1164 2645 (v.
1185 2557 1321 2645 50111).

184 2711 188 2718 .
283 2654 349 2714 Iam
375 2673 448 2714 vero
474 2655 545 2731 quid
571 2654 754 2731 Sophocles?
791 2656 881 2730 Apud
908 2654 1092 2731 Aeschylum
1121 2654 1303 2714 adulescenti
1332 2656 1366 2712 ut

172 2749 180 2762 '
195 2744 317 2819 pietatis
330 2744 505 2803 memoriam
516 2745 667 2821 eximeret,
679 2744 886 2804 crudelissima
895 2763 1030 2820 quaeque
1040 2743 1172 2802 minatus
1182 2746 1247 2802 erat
1256 2738 1367 2818 Apollo

196 2826 447 2912 (Oho.261ss.);
470 2852 529 2893 non
554 2833 713 2909 ignorabat
736 2833 788 2892 ille
811 2835 910 2910 ipsum
929 2833 1016 2909 quasi
1034 2832 1245 2908 Pelopidarum
1268 2833 1365 2891 fatum

197 2941 251 2981 sua
269 2940 360 2980 manu
378 2941 484 2981 necare
504 2920 748 2999 Clytemestram:

357 3048 420 3106 564
455 3042 561 3122 φόνου
581 3040 613 3105 δ’
633 3040 752 3121 Ἐρινὺς
772 3043 832 3120 οὐχ
851 3043 1103 3120 ὑπεεπανιεμένη

455 3130 594 3210 ἄκρατον
613 3130 690 3209 αἷμα
708 3131 813 3196 πίεται
831 3131 939 3210 τρίτην
957 3130 1057 3196 πόαν.

197 3278 280 3337 Idem
306 3278 385 3354 apud
405 3276 582 3352 Sophoclem
611 3278 683 3354 quin
706 3280 786 3337 esset
812 3279 946 3338 necanda
969 3281 1077 3352 mater,
1106 3297 1258 3354 nunquam
1286 3279 1369 3336 dubi-

200 3368 291 3444 tavit3
312 3386 372 3443 qua
389 3366 505 3426 ratione
524 3384 587 3425 rem
607 3370 829 3446 exsequeretur,
847 3367 996 3444 quaesiuit
1014 3387 1049 3426 ex
1068 3367 1216 3443 Apolline.
1243 3367 1300 3425 llle
1318 3387 1369 3443 pa-

198 3459 279 3517 trato
295 3456 425 3516 facinore
440 3456 611 3534 exagitatur
625 3476 737 3532 angore
752 3462 784 3518 et
793 3457 940 3534 cruciatu,
954 3456 1054 3518 divine
1068 3456 1165 3533 primo
1180 3457 1368 3516 recensendis

198 3547 304 3606 matris
312 3545 509 3625 Aegisthique
517 3544 690 3606 criminibus
699 3546 1369 3624 semetipsumdecipientemfacitAeschylus;

199 3637 419 3696 subnascuntur
429 3635 645 3714 dubitationes3
655 3637 814 3712 paullatim
823 3636 1112 3713 appropinquantem
1123 3636 1215 3695 sentit
1222 3636 1368 3711 furorem3

197 3727 279 3801 ipsas
297 3728 449 3800 postremo
468 3725 564 3785 ceruit
582 3725 702 3805 Furias;
726 3730 881 3803 correptus
904 3725 1028 3786 vesania
1049 3743 1191 3800 praeceps
1210 3725 1313 3800 agitur
1332 3724 1369 3782 de

197 3814 298 3890 patria
321 3815 358 3873 ab
377 3815 443 3888 ipso
462 3814 604 3874 liberata:
629 3815 675 3874 hic
698 3833 736 3873 an
759 3818 840 3874 recte
863 3814 969 3874 iecerit
991 3816 1159 3890 paullulum
1183 3813 1368 3890 subdubitat,

199 3902 329 3963 simodo
349 3903 469 3963 dubitat
497 3896 650 3977 §1424
683 3897 742 3963 τάν
767 3898 886 3976 δόμοιει
915 3900 972 3976 μὲν
1000 3902 1118 3982 καλῶς,
1146 3896 1315 3964 Ἀπόλλων
1341 3898 1368 3962 εἰ

197 3990 304 4052 καλῶ(
318 3988 507 4073 ἐθέ(πι(εν);
524 3993 703 4051 sententiam
718 3993 789 4051 dum
804 3993 868 4051 abit
882 3993 919 4051 de
933 3992 1022 4052 bivio
1037 3996 1189 4067 arreptam
1207 3992 1369 4068 tranquillo

270 4163 315 4233 64)
335 4161 441 4217 Iniuria
458 4160 709 4217 Wilamcwitaium
728 4161 871 4232 vituperat
890 4161 1023 4233 Singerus
1042 4161 1098 4232 (die
1117 4161 1218 4216 beiden
1233 4160 1368 4216 Elektren

198 4235 243 4303 54)
264 4233 339 4303 quod
348 4233 504 4302 Gruppium
514 4232 729 4303 Kolsterumque
744 4251 801 4288 non
816 4234 1013 4300 nominaverit3
1033 4245 1146 4303 prorsus
1162 4234 1236 4287 enim
1251 4233 1369 4287 diversis

197 4305 228 4360 hi
256 4304 411 4360 rationibus
439 4304 483 4358 usi
506 4309 577 4359 sunt.
614 4305 685 4359 Mihi
708 4307 802 4360 autem
826 4305 970 4360 Kolsterus
998 4321 1062 4360 suaa
1090 4322 1146 4360 non
1174 4304 1265 4374 magis
1284 4322 1369 4373 quam

200 4376 258 4432 Gru
278 4376 340 4446 pius
358 4374 501 4446 probavit,
521 4377 629 4446 quade
648 4377 785 4432 refusius
804 4377 935 4446 dicerem,
953 4376 1007 4430 nisi
1026 4377 1063 4430 ad
1081 4375 1318 4445 comprobandum
1338 4375 1368 4429 id

198 4395 277 4518 quoi
292 4448 358 4504 volo
377 4446 487 4503 abunde
502 4447 660 4504 sufficerent
677 4447 888 4504 Wilamouitzii
906 4449 1079 4518 argumenta.
