3050 5109
223 220 289 285 304
687 214 812 272 Evaldus
830 213 937 269 Bruhn:

224 381 391 466 (pertinent
418 386 497 446 enim
524 385 563 444 ad
589 376 797 465 Aegisthum);
826 386 896 443 sunt
924 402 996 460 ergo
1022 381 1158 442 tollendi.
1200 382 1267 442 Non
1295 382 1399 442 deberi

224 476 433 553 inte1polatori
450 475 525 534 illud
544 473 660 533 ςκαιάιν
679 492 748 535 vere
768 473 963 549 Euripideum
982 473 1055 531 satis
1082 472 1277 534 demonstrat.
1313 471 1400 532 luve-

218 562 322 626 'nimus
341 569 442 625 autem
461 564 541 641 apud
560 562 642 623 Stob.
661 562 725 625 flor.
746 564 818 639 94,5

313 684 481 764 Εὐριπίδου
501 682 686 748 Φοινίςςαις.

436 771 455 836 6
475 771 508 837 δ’
526 771 624 851 ὄλβος
642 770 759 835 ἀδίκως
778 772 829 834 καὶ
847 770 926 849 μετὰ
945 774 1061 835 ςκαιάιν
1079 771 1186 836 ξυνὼν

437 859 587 927 ἐξέπτατ’
605 858 702 925 οἴκων
723 862 844 939 βραχὺν
863 858 1013 939 δμιλήςας
1032 858 1161 938 χρόνον.

224 1009 359 1069 Proclive
388 1010 435 1068 est
460 1007 499 1065 ad
523 1006 732 1083 corrigendum
755 1002 877 1066 Φοίνικι
901 1007 1020 1082 saepius
1043 1026 1110 1065 oum
1129 1001 1305 1067 Φοινίςςαις
1329 1025 1397 1065 con-

224 1100 338 1175 fusum3
367 1096 529 1174 proclivius
553 1096 645 1155 otiam
668 1095 832 1169 uidebitur,
865 1096 890 1154 si
917 1096 983 1171 quis
1015 1096 1189 1155 recordatus
1222 1096 1280 1154 erit
1307 1096 1397 1171 Hipp.

227 1191 361 1249 1010ss.
381 1185 470 1262 Soph.
490 1184 551 1244 ΟΒ.
570 1186 634 1244 543
642 1203 680 1244 ss.
704 1203 831 1261 quorum
860 1184 966 1244 similis
989 1185 1153 1261 disputatio
1175 1185 1263 1244 facile
1286 1185 1399 1261 Amyn-

223 1282 320 1338 torem
338 1275 418 1335 inter
436 1277 467 1334 et
480 1273 658 1333 Phoenicem
678 1275 750 1333 oriri
768 1278 896 1350 poterat.
928 1273 1027 1333 Erunt
1046 1276 1156 1351 autem,
1174 1275 1226 1350 qui
1240 1275 1346 1333 malint
1361 1293 1397 1332 ex

222 1367 297 1442 ipsis
313 1363 486 1424 Phoenissis
505 1363 536 1422 in
549 1364 700 1424 Electram
719 1364 820 1423 delate
838 1382 916 1423 esse:
935 1366 966 1423 et
983 1364 1081 1439 possis
1100 1363 1233 1424 conicere
1252 1363 1397 1422 excidisse

224 1458 294 1531 post
310 1474 338 1515 τ,
358 1454 436 1514 558:

342 1579 405 1638 556
452 1571 542 1636 οὔτοι
560 1574 599 1636 τὰ
619 1569 754 1651 χρήματ’
772 1569 838 1635 ἴδια
857 1572 1022 1651 κέκτηνται
1043 1574 1163 1652 βροτοὶ,

453 1662 493 1725 τά
511 1664 577 1725 τῶν
596 1664 681 1725 θεῶν
700 1658 734 1723 δ’
753 1659 884 1739 ἔχοντες
903 1661 1150 1741 ἐπιμελούμεθα·

454 1748 533 1814 ὅταν
552 1752 588 1814 δέ
607 1747 752 1834 χρῄζως’,
770 1747 843 1813 αὔτ’
861 1749 1074 1829 ἀφαιροῦνται
1088 1750 1198 1815 πάλιν·
1258 1753 1261 1758 ’

454 1838 473 1902 6
492 1837 525 1901 δ’
544 1837 641 1918 ὄλβος
660 1839 699 1902 ού
720 1839 858 1918 βέβαιος,
878 1837 953 1903 ἀλλ’
972 1840 1146 1920 ἐφήμερος;

224 2007 300 2067 quae
328 1987 499 2047 coniectura
527 1988 613 2045 extra
639 2005 757 2046 omnem
785 1986 981 2046 dubitationis
1004 1987 1102 2046 aleam
1123 1986 1223 2062 posita
1246 1985 1398 2046 videbitur

222 2080 257 2138 cl.
276 2077 356 2137 Sext.
375 2076 461 2150 Emp.
479 2076 545 2136 adv.
565 2075 657 2134 math.
677 2076 756 2147 556,
774 2077 816 2133 24
831 2069 925 2135 ἔνθεν
939 2071 990 2135 καὶ
1005 2070 1185 2150 δΚράντωρ
1200 2072 1245 2135 εἰς
1260 2070 1397 2149 ἔμφαςιν

222 2166 281 2226 τού
301 2162 478 2240 λεγομένου
499 2159 694 2241 βουλόμενος
711 2160 792 2238 ἡμᾶς
811 2157 901 2237 ἄγειν
920 2159 1005 2223 πάνυ
1025 2160 1165 2240 χαρίεντι
1185 2162 1397 2239 ςυνεχρήςατο

223 2250 463 2330 παραδείγματι.
496 2249 523 2313 εἰ
537 2249 598 2326 γὰρ
613 2251 792 2328 νοήςαιμεν,
812 2249 895 2327 φηςὶ,
915 2248 1023 2314 κοινόν
1042 2270 1071 2312 τι
1090 2252 1156 2313 τῶν
1175 2249 1397 2328 Πανελλήνων

224 2342 360 2419 θέατρον
384 2339 430 2403 εἰς
454 2338 551 2403 τοῦτό
574 2358 609 2402 τε
633 2338 766 2402 ἕκαςτον
785 2341 851 2401 τῶν
870 2335 1001 2415 ἀγαθῶν
1020 2338 1137 2417 παριὸν
1155 2339 1207 2402 καὶ
1225 2342 1291 2403 τῶν
1310 2358 1396 2416 πρω-

222 2428 318 2493 τείων
337 2428 604 2506 ἀντιποιούμενον
622 2427 722 2506 ήκειν,
746 2426 841 2491 εὐθὺς
860 2427 910 2490 καὶ
932 2427 976 2492 εἰς
1000 2426 1130 2492 ἔννοιαν
1154 2426 1397 2506 ἀναχθηςόμεθα

222 2523 279 2597 τῆς
298 2519 420 2582 ἐντοῖς
439 2515 572 2593 ἀγαθοῖς
591 2519 759 2595 διαφορᾶς.
787 2519 917 2594 πρῶτον
937 2516 995 2595 μὲν
1013 2516 1074 2595 γὰρ
1095 2514 1114 2579 6
1133 2519 1274 2581 πλοῦτος
1293 2536 1395 2594 παρα-

223 2610 364 2686 πηδήςας
383 2606 450 2685 ἐρεῖ
464 2656 470 2669 .
486 2656 492 2669 .
509 2654 536 2670 ..
552 2602 627 2668 ἀλλ’
641 2604 699 2669 ἐὰν
713 2604 830 2669 τούτου
848 2606 909 2684 ἤδη
929 2603 1227 2686 ἀνακηρυττομένου
1247 2607 1395 2670 ἐπιςτάςα

222 2696 242 2773 ἡ
261 2697 362 2775 ἡδονὴ
383 2745 456 2759 ....
476 2696 553 2778 λέγῃ
573 2744 624 2758 ...
645 2692 694 2759 ὅτι
713 2697 813 2775 αὐτὴν
832 2694 954 2760 δίκαιόν
973 2695 1056 2759 ἐςτιν
1075 2693 1298 2773 ἀναγορεύειν·

455 2819 473 2883 6
492 2820 553 2897 γάρ
572 2818 670 2899 ὄλβος
688 2819 728 2883 ού
749 2821 888 2899 βέβαιος,
907 2818 984 2883 ἀλλ’
1002 2821 1164 2899 ἐφήμερος

455 2907 597 2974 ἐξίπτατ’
616 2907 714 2972 οίκων
734 2910 844 2987 μικρὸν
863 2907 1000 2989 ἀνθήςας
1020 2909 1147 2987 χρόνον.

224 3058 264 3116 Et
287 3060 389 3116 tamen
411 3056 553 3115 fallimur.
598 3055 733 3115 Primum
763 3055 843 3115 enim
870 3075 931 3116 non
957 3059 1059 3132 potest
1085 3056 1216 3118 voluisse
1238 3056 1398 3132 Euripides

224 3166 252 3206 ν.
271 3147 382 3205 Phoen.
402 3147 466 3206 558
486 3144 581 3220 excipi
600 3144 638 3203 ab
657 3145 693 3203 iis
713 3145 877 3220 dequibus
902 3145 1064 3221 loquimur:
1094 3165 1155 3206 non
1176 3146 1253 3204 illud
1276 3144 1398 3221 exponit

224 3234 356 3308 Iocaste,
380 3252 470 3309 quae
488 3233 593 3292 malis
612 3232 756 3293 artibus
777 3235 985 3310 conquisita
1003 3237 1089 3306 sint,
1113 3254 1149 3295 ea
1173 3234 1231 3294 cito
1251 3234 1397 3309 diffluere,

227 3325 279 3383 sed
294 3322 412 3383 omnis
421 3323 584 3383 bonanon
593 3321 735 3380 diutiusa
748 3322 834 3381 nobis
848 3324 944 3382 teneri
959 3343 1048 3399 quam
1063 3324 1104 3382 dii
1117 3325 1301 3399 permittant.
1321 3322 1398 3381 Dein

226 3412 348 3473 Stobaei
361 3413 502 3470 lemmate
516 3411 592 3469 nihil
610 3429 664 3470 nos
678 3411 815 3472 adiuvari
833 3413 1044 3488 intellegemus
1063 3413 1229 3472 deliberata
1246 3413 1333 3489 gravi
1346 3412 1400 3470 illa
1464 3431 1472 3445 ι

227 3502 363 3561 lectionis
383 3500 591 3579 discrepantia,
610 3519 686 3577 quae
705 3500 736 3559 in
755 3522 783 3561 v.
798 3502 862 3560 944
881 3502 961 3561 inter
975 3503 1137 3562 stobaeum
1157 3505 1188 3561 et
1204 3501 1297 3562 libros
1311 3500 1398 3559 Euri-

225 3591 328 3738 ρίάἕῗο
352 3590 517 3738 ipteroedit.
559 3590 645 3650 illius
670 3591 748 3649 enim
781 3590 869 3651 lectio
892 3611 961 3651 oum
982 3592 1087 3668 procul
1110 3591 1200 3651 dubio
1223 3595 1295 3651 nata
1318 3590 1359 3650 sit
1382 3609 1399 3648 e

224 3701 252 3740 v.
310 3682 403 3741 ,90

447 3800 487 3862 τὰ
506 3796 539 3862 δ’
557 3799 662 3880 οὐδὲν,
682 3800 710 3864 εί
728 3802 769 3880 μὴ
790 3801 910 3881 βραχὺν
928 3800 1072 3881 ὁμιλῆςαι
1091 3800 1223 3880 χρόνον,

224 3946 391 4006 necessario
414 3945 601 4005 concluditur
624 3966 652 4007 τ.
676 3949 739 4007 933
765 3950 797 4006 et
821 3948 884 4007 944
907 3951 976 4023 post
997 3969 1026 4009 τ.
1052 3950 1114 4008 939
1140 3948 1178 4008 ab
1202 3966 1236 4006 eo
1259 3946 1398 4007 inventos

225 4027 343 4113 esse.⁵⁸)
380 4035 414 4096 In
440 4033 592 4095 Crantoris
616 4040 717 4096 autem
738 4036 911 4097 testimonio
935 4038 1050 4097 confusi
1073 4039 1144 4097 sunt
1165 4037 1396 4098 Phoenissamm

224 4174 436 4184 —.—-——--.

314 4258 359 4328 58)
375 4257 458 4314 Ultro
481 4260 575 4312 autern
599 4257 725 4313 nascitur
747 4255 870 4330 sus'pioio
892 4261 959 4330 post
982 4259 1054 4315 illud
1077 4261 1225 4329 Εὐριπίδου
1248 4259 1400 4315 Φοινίςςαις

224 4330 360 4385 excidisse
382 4330 476 4385 locum
492 4329 707 4387 Phoenissamm
731 4333 816 4387 antea
840 4349 858 4387 a
879 4348 924 4387 me
947 4332 1073 4387 adlatum
1097 4335 1126 4387 et
1147 4331 1251 4388 lemma
1268 4331 1396 4388 versibus

224 4402 354 4456 Electrae
372 4402 573 4473 praepositum.
