3050 5109
665 220 789 276 Evaldus
806 221 914 275 Bruhn:

421 383 578 464 ὁμηδὲν
598 384 708 450 εἰδῶ(
728 384 915 451 Οἰδίπου(
934 382 1056 448 ἔπαυεά
1074 404 1125 448 νιν

420 473 531 558 γνώμῃ
551 476 685 555 κυρήεατ
704 472 780 539 οὐδ’
802 471 862 538 ἀπ’
881 473 1010 539 οἰωνῶν
1028 473 1147 553 μαθών.

206 621 272 680 Ιοιιι
296 622 352 680 hoe
375 620 484 680 adhibe
507 620 545 679 ed
564 621 610 682 Ai.
632 624 727 682 1289.
763 619 813 680 Ila
835 621 867 680 in
887 620 1033 680 Teucrum
1057 621 1195 681 invectus
1214 623 1280 679 erat
1298 619 1380 696 Aga-

205 728 338 770 memus:

420 831 452 896 τέ
470 851 534 910 τοι,
552 830 620 895 τὸν
638 830 678 894 ἐκ
696 833 762 910 τῆς
782 829 1064 908 αἰχμαλωτίδοε
1084 830 1182 908 λέγω,

418 919 438 999 ἦ
458 940 522 984 που
539 919 673 998 τραφεὶς
692 917 733 983 ἂν
751 919 869 998 μητρόε
888 918 1041 995 εὐγενοῶ(
1059 916 1125 983 ἄπο

313 1013 400 1073 1280
423 1006 525 1088 ὑψήλ’
543 1006 690 1086 ἐκόμπειε
709 1005 790 1072 κάπ’
809 1006 916 1087 ἄκρων
934 1006 1137 1087 ῶδοιπόρειε,

419 1095 473 1161 ὅτ’
492 1097 590 1161 οὐδὲν
608 1096 656 1161 ῶν
673 1100 732 1161 τοῦ
751 1098 851 1176 μηδὲν
870 1095 1020 1176 ἀντέετητ
1039 1097 1120 1176 ὕπερ

419 1185 513 1251 κοῦτε
533 1186 727 1264 ετρατηγοὺε
745 1185 821 1250 οὔτε
840 1185 1023 1265 ναυάρχου(
1041 1189 1153 1265 μολεῖν

418 1275 499 1354 ἡμᾶς
517 1272 655 1354 Ἀχαιῶν
673 1273 749 1340 οὔτε
769 1279 825 1340 τοῦ
844 1274 1005 1354 διαιρόειυ,

420 1361 496 1428 ἀλλ’
515 1363 612 1428 αὐτὸ(
631 1361 753 1443 ἄρχων,
773 1363 818 1428 ῶτ
837 1366 873 1428 τὺ
892 1367 965 1448 φῂι,
984 1362 1061 1428 Αἴαε
1080 1361 1178 1428 ἔπλει.

310 1459 395 1518 1235
418 1450 511 1518 ταῦτ’
530 1453 589 1518 οὐκ
608 1451 737 1518 ἀκούειν
755 1452 880 1533 μεγάλα
898 1454 979 1533 πρὸ(
998 1452 1148 1518 δούλων
1167 1451 1259 1533 κακά;

272 1599 329 1660 Oui
348 1601 475 1660 Teucer:

311 1727 395 1787 1283
421 1717 502 1799 χῶτ’
522 1719 612 1785 αὖθις
631 1719 729 1784 αὐτὸ(
746 1719 898 1798 Ἕκτορα(
917 1718 1015 1798 μόνοτ
1034 1719 1135 1800 μόνου

419 1809 504 1874 ἑκών
521 1829 557 1874 τε
576 1807 784 1875 κάκέλευετοε
802 1807 878 1889 ἦλθ’
896 1809 1058 1888 ἐναντίοτ,

311 1905 395 1964 1285
420 1897 459 1962 οὐ
489 1900 652 1978 δραπέτην
679 1899 737 1963 τὸν
764 1901 884 1977 κλῆρον
913 1898 958 1963 εἰ(
985 1898 1126 1979 κρῶειὸν
1155 1895 1266 1984 (μέεον
1293 1903 1377 1962 codd.

463 2010 538 2052 eorr.
556 1983 677 2073 Nauck)
698 1988 805 2052 καθεὶε
1295 2041 1299 2047 .

418 2075 517 2155 ὑγρᾶε
536 2074 675 2155 ἀρούρατ
696 2079 816 2156 βῶλον,
835 2073 906 2140 ἀλλ’
930 2076 966 2140 ὃ(
986 2075 1131 2156 εὐλόφου

420 2170 516 2244 κυνῆ(
535 2163 648 2244 ἔμελλε
668 2169 796 2245 πρῶτοε
815 2164 900 2243 ἅλμα
918 2170 1079 2245 κουφιεῖν,

419 2251 475 2318 ὅδ’
494 2255 534 2334 ἦν
553 2252 573 2317 ὁ
591 2253 740 2333 πράττων
758 2259 867 2333 ταῦτα,
887 2256 943 2319 εὺν
963 2253 991 2319 δ’
1009 2254 1075 2332 ἐγῶ
1094 2255 1217 2333 παρὼν,

419 2341 611 2422 ὁδοῦλοε,
631 2342 700 2407 οὑκ
718 2349 784 2424 τῆε
805 2343 997 2423 βαρβάρου
1016 2344 1157 2423 μητρὸς
1175 2344 1306 2421 γεγῶτ.

206 2511 308 2570 Habes
339 2528 394 2585 per
424 2508 551 2568 ironiam
584 2509 747 2585 repetitum
781 2508 955 2582 convicium
991 2526 1050 2567 nen
1081 2509 1175 2569 habes
1207 2508 1380 2586 quidquam,

206 2618 265 2676 quo
285 2600 429 2674 elevelur,
447 2600 482 2657 ut
500 2598 614 2674 absque
632 2598 696 2657 ulla
714 2616 805 2657 eausa
823 2617 851 2657 v.
874 2598 957 2657 1289
978 2597 1099 2656 additus
1117 2597 1270 2673 adpareat.
1302 2598 1381 2669 Qua-

206 2691 329 2765 prepler
346 2688 495 2747 adiectum
515 2706 584 2746 eum
602 2687 713 2747 conicio
733 2687 771 2746 ab
786 2686 933 2746 hislrione
953 2686 1005 2762 qui
1024 2686 1173 2747 Teuerum
1191 2687 1291 2763 ipsum
1309 2706 1380 2763 que-

205 2796 263 2855 que
282 2778 468 2837 existimaret
485 2780 589 2836 eontra
607 2776 769 2837 Hectorem
787 2775 990 2836 adsurrexisse
1011 2767 1061 2857 (ef.
1083 2774 1107 2836 Η
1130 2778 1190 2836 161
1207 2767 1276 2857 ss.);
1301 2778 1379 2854 qued

206 2867 231 2926 si
249 2867 379 2941 fecisset,
398 2865 511 2942 optime
531 2865 595 2926 sine
613 2865 705 2927 dubie
723 2865 752 2923 h.
772 2866 791 2923 l
809 2865 886 2924 illud
905 2864 1069 2926 convicium
1087 2868 1283 2943 repeteretur.

293 2954 330 3015 In
348 2975 396 3016 vv.
416 2953 486 3014 ΟΒ.
509 2957 593 3015 1177
610 2973 648 3015 ss.

331 3075 397 3142 Οἰδ.
420 3077 490 3138 πῶς
508 3072 581 3153 δῆτ’
599 3072 727 3154 ἀφῆκα(
746 3079 792 3158 τῷ
811 3076 940 3153 γέροντι
957 3078 1041 3159 τῶδε
1061 3075 1111 3156 uu

325 3165 398 3243 Θερ.
422 3163 616 3228 κατοικτίεαε
636 3161 662 3225 ὠ
682 3161 814 3228 δέεποτ’
833 3163 877 3227 duc
897 3162 998 3242 ἄλλην
1019 3163 1121 3243 χθόνα

420 3255 526 3318 δοκῶν
545 3250 701 3330 ἀποίτειν,
721 3252 820 3316 αὐτὸ(
839 3250 932 3318 ἔνθεν
950 3254 1003 3333 ἦν·
1023 3253 1042 3316 ὃ
1062 3254 1097 3317 οὲ

418 3337 491 3406 κάκ’
512 3340 557 3406 εἰ(
575 3338 695 3419 μέγιετ’
715 3339 840 3407 ἔευιεεν.
874 3342 901 3407 εἰ
919 3341 981 3421 γὰρ
1000 3340 1095 3407 οὗτοε
1115 3340 1158 3415 εἴ,

419 3428 459 3495 ὅν
478 3450 574 3510 φηειν
593 3428 701 3511 οὗτοι,
720 3428 781 3496 ἴεθι
800 3431 979 3510 δύεποτμοτ
1002 3431 1116 3508 γεγώε.

206 3616 296 3677 quam
326 3615 433 3672 parum
464 3597 569 3671 aptum
606 3595 688 3655 esset
721 3596 830 3673 duplex
862 3597 937 3655 illud
965 3589 1075 3669 οὗτοε,
1109 3594 1188 3656 vidit
1215 3595 1379 3657 Nauelrius.

205 3687 281 3746 Mihi
299 3688 401 3745 autem
419 3702 478 3744 non
496 3684 591 3760 magis
610 3684 731 3744 videtur
749 3689 821 3761 apia
838 3686 945 3745 horum
963 3702 1105 3745 versuum
1124 3684 1284 3744 sententia.
1310 3682 1379 3762 Opi-

205 3779 295 3835 nalus
314 3777 380 3834 erat
397 3773 454 3832 Lai
474 3790 579 3834 servus
597 3774 758 3850 puerulum
783 3777 939 3849 apaetere
959 3772 1113 3833 Corinthio
1133 3773 1269 3834 ablatum
1286 3774 1325 3832 iri
1347 3776 1379 3833 in

205 3870 326 3942 terram,
345 3857 439 3924 ἔνθεν
458 3856 554 3922 αὐτὸ(
572 3858 620 3938 ἦν.
649 3862 727 3934 Quid
745 3862 866 3939 igitur?
893 3862 929 3921 In
946 3865 1060 3922 terram
1075 3861 1262 3922 Corinthiam
1279 3882 1379 3923 noune

207 3957 272 4014 erat
291 3952 423 4028 Oedipus
443 3951 583 4011 ablutus?
619 3951 668 4010 An
691 3956 795 4028 paster
819 3970 879 4011 nou
905 3954 972 4011 erat
991 3950 1134 4012 Corintho
1157 3952 1300 4011 oriundus
1326 3954 1378 4012 sed

206 4043 325 4103 aliunde
343 4041 519 4114 translatus,
539 4043 772 4118 speraveralque
788 4059 891 4101 servus
905 4040 961 4100 Lai
974 4035 1128 4117 pastorem
1140 4061 1201 4101 nen
1215 4041 1302 4101 modo
1317 4061 1380 4102 ser·

205 4136 348 4193 vaturum
369 4130 514 4191 infantem
537 4130 682 4210 alienum,
709 4148 815 4190 verum
838 4131 928 4189 eliam
952 4148 1020 4189 eum
1042 4149 1077 4190 eo
1101 4130 1270 4206 fugiturum
1294 4134 1325 4190 el
1347 4132 1379 4190 in

204 4222 335 4297 patriam
353 4221 448 4297 ipsius
466 4218 652 4279 redilurum?
690 4217 865 4279 Clausulam
883 4220 1011 4296 denique
1030 4212 1105 4299 (ἴτθι
1123 4215 1305 4294 δύτποτμο(
1323 4237 1376 4293 γε·

205 4304 285 4393 ude)
308 4329 368 4370 uon
392 4309 467 4369 mihi
490 4309 547 4370 soli
570 4328 657 4386 spere
680 4326 788 4384 parum
811 4327 936 4386 gravem
954 4309 1050 4369 videri
1077 4309 1229 4371 conlatam
1254 4326 1321 4367 eum
1339 4310 1378 4368 iis

206 4419 283 4476 quae
308 4402 389 4460 ente.
403 4400 521 4460 detecta
540 4397 646 4474 Oedipi
668 4400 782 4460 seelera
807 4399 887 4459 idem
906 4398 986 4458 dieat
1009 4417 1114 4460 servus
1133 4390 1245 4480 (1157.
1267 4394 1379 4479 1165).
