3050 5109
676 226 801 281 Evaldus
820 224 926 281 Bruhn:

372 395 432 472 τὴν
451 391 547 456 αὐτὸ(
567 393 746 471 φιλέεεκεν,
764 390 946 470 ἀτιμὰῑεεκε
966 388 998 455 δ’
1017 388 1137 455 ἄκοιτιν

373 479 484 560 μητέρ>
503 481 594 561 ἐμήν·
613 482 632 560 ἡ
652 480 684 544 δ’
704 482 773 546 αἰὲν
791 482 847 559 ἐμὲ
867 483 1041 546 λιεεέεκετο
1060 481 1189 557 γούνων

374 571 542 634 παλλακίδι
562 576 766 649 προμιγῆναι,
784 567 830 635 ἵν>
849 571 993 651 ἐχθήρειε
1011 571 1157 649 γέροντα.

373 665 411 743 τῇ
430 659 568 740 πιθόμην
588 661 638 724 καὶ
657 660 757 740 ἔρεξα.

302 782 452 882 Loquitur
468 805 609 866 Phoenix.
626 773 829 867 Reminiscere
848 810 948 865 autem
968 806 1141 882 Euripidem
1161 798 1385 880 ἀναμάρτητον

213 892 271 956 τόν
289 891 380 970 ἥρωα
399 890 535 967 εἰεάγειν
554 888 661 977 (schol.
677 894 694 973 l,
710 888 803 977 447);
821 897 927 972 ecquid
946 895 1087 954 audacius
1102 895 1278 954 Phoenicem
1297 896 1388 954 matri

213 986 287 1044 haec
306 985 497 1062 respondisse
517 985 754 1062 suspicabimur?
1290 993 1293 997 ’

650 1257 759 1327 caput
783 1259 954 1343 octavum.»

304 1392 421 1455 Helena
434 1394 597 1470 Euripidea
611 1399 642 1454 et
656 1397 810 1455 Menelaus
825 1396 878 1455 ubi
897 1397 976 1455 inter
994 1415 1026 1455 se
1045 1395 1253 1470 adgnouerunt
1271 1412 1388 1469 permo-

215 1488 305 1561 taque
325 1488 372 1543 est
391 1485 529 1544 Theonoe
548 1488 583 1542 ut
601 1484 708 1545 Iunoni
727 1504 800 1561 prae
814 1484 930 1544 Venere
950 1486 1092 1544 obsecuta
1111 1485 1280 1543 Menelaum
1298 1484 1388 1542 fratri

214 1593 252 1632 ne
276 1574 396 1649 prodat:
429 1573 532 1632 statim
554 1572 672 1633 Helena
694 1577 729 1633 ut
750 1575 861 1634 mulier
883 1574 1039 1634 consilium
1063 1592 1121 1648 quo
1149 1573 1388 1632 circumducatur

214 1663 452 1738 Theoolymenus
485 1663 677 1723 callidissime
709 1664 913 1740 excogitatum
941 1664 1065 1739 profert.
1110 1662 1280 1721 Menelaum
1308 1661 1386 1720 enim

215 1752 343 1810 Menelai
370 1770 402 1812 se
430 1752 542 1811 socium
572 1752 670 1811 dicere
695 1756 884 1828 mortemque
911 1753 1024 1812 domini
1050 1749 1189 1811 nuntiare
1217 1752 1294 1825 volt3
1322 1750 1388 1825 ipsa

214 1841 324 1900 blanda
348 1843 380 1899 et
403 1840 530 1916 supplici
553 1842 687 1901 oratione
710 1843 747 1901 ab
772 1842 824 1900 illo
850 1860 881 1899 se
909 1842 1137 1918 impetraturam
1161 1843 1276 1915 sperat,
1299 1839 1388 1898 utin

214 1930 311 1988 altum
329 1929 416 1990 evehi
433 1929 590 2004 permittat
607 1930 730 1990 inferias
749 1930 869 2006 coniugi
887 1931 1029 1990 facturae.
1060 1929 1214 1988 Menelaus
1233 1931 1335 1987 autem
1353 1932 1389 1985 ut

215 2019 303 2077 humo
322 2018 485 2093 simplicior
502 2037 540 2077 ne
559 2017 748 2078 deterreatur
766 2020 899 2078 infausto
918 2019 1016 2079 omine
1034 2019 1139 2078 mortis
1158 2018 1254 2094 ipsius
1269 2017 1307 2076 ab
1322 2017 1388 2092 ipso

214 2107 379 2181 nuntiatae,
397 2108 564 2182 paullulum
582 2108 664 2168 illius
683 2112 814 2169 mentem
832 2110 1017 2185 praemollit:

304 2251 388 2309 1049
434 2244 495 2308 Ἑλ.
533 2243 682 2323 draucos,
701 2247 740 2325 ἤν
759 2267 789 2309 τι
808 2248 858 2310 καὶ
877 2248 957 2325 γυνὴ
977 2246 1051 2329 λέξῃ
1071 2244 1183 2323 εοφόν.

306 2339 391 2400 1050
535 2335 642 2413 βούλει
661 2336 806 2410 λέγεεθαι
826 2337 865 2414 μὴ
886 2337 994 2399 θανὼν
1013 2334 1098 2417 ἔργῳ
1118 2337 1242 2414 οανεῖν;

436 2422 495 2486 Με.
533 2424 633 2487 Κακὸε
652 2426 710 2502 μὲν
729 2423 830 2503 όρνιε’
851 2424 878 2488 εἰ
897 2425 933 2488 δὲ
952 2427 1097 2501 κερδανῶ
1117 2424 1236 2500 λέγων,

534 2511 659 2589 ἕτοιμόε
678 2512 738 2591 εἰμι
757 2514 797 2592 μὴ
817 2514 926 2577 θανὼν
945 2512 1030 2595 ἔργῳ
1048 2517 1167 2577 θανεῖν.

437 2598 498 2663 Ἑλ.
536 2601 587 2664 καὶ
606 2602 666 2680 μὴν
685 2601 876 2678 γυναικείοιε
896 2599 969 2684 <ε’>
989 2601 1029 2665 ἂν
1048 2601 1258 2679 οἰκτιεαίμεθα

516 2695 674 2767 «κουραῑει
692 2692 743 2754 καὶ
762 2693 901 2770 θρήνοιει
920 2691 1000 2768 πρὸ(
1019 2691 1077 2754 τὸν
1096 2689 1233 2754 ἀνόειον.

259 2778 261 2781 ⁴
304 2784 389 2843 1055
436 2779 494 2843 Με.
533 2777 852 2858 εωτηρίαεδὲτοῦτ’
872 2779 984 2858 ἔχειτί
1004 2777 1178 2864 νῷνᾶκοε;

533 2867 746 2946 παλαιότης
766 2869 836 2947 γὰρ
855 2874 905 2952 τῷ
925 2869 1026 2953 λόγῳ
1045 2865 1079 2945 γ’
1099 2868 1224 2933 ἔνεετί
1242 2888 1305 2931 τιε.

305 2997 399 3057 1050.
437 2991 523 3075 ἔργῳ
541 2994 707 3073 Fritzsohe]
725 2990 857 3075 λόγῳὸ
945 2998 1040 3059 1051.
1059 2994 1167 3070 λέγων
1185 2994 1314 3073 Barnes]
1334 2993 1388 3056 λε’-

214 3085 322 3159 γεινὸ
409 3087 504 3148 1053.
522 3079 598 3164 <(’>
616 3087 671 3146 ins.
691 3086 853 3146 Hermann.
1018 3109 1023 3116 ’

213 3227 249 3287 V.
271 3229 356 3287 1056
381 3245 487 3286 sanum
511 3246 575 3286 esse
593 3228 723 3303 ⁴negauit
745 3228 948 3304 Hermannus3
977 3247 1073 3305 neque
1097 3232 1145 3288 est
1168 3230 1291 3288 dubium
1315 3230 1389 3305 quin

213 3320 294 3376 recte
319 3317 462 3376 abiecerit
489 3336 591 3377 eorum
615 3320 828 3390 commentum,
857 3318 909 3393 qui
937 3312 1136 3392 παλαιότητα
1165 3319 1389 3395 simplicitatem

214 3405 497 3482 interpretabantur.
534 3404 619 3475 Quod
637 3410 740 3465 tamen
757 3406 821 3481 ipse
840 3407 966 3467 coniecit

533 3540 672 3622 ἀπαιόλη
691 3544 752 3623 γὰρ
771 3549 818 3629 τῷ
838 3544 926 3628 λόγῳ
940 3543 975 3622 γ’
995 3545 1097 3611 ἔνειτί
1114 3567 1173 3625 τιε,

214 3688 245 3749 id
266 3709 305 3749 ne
326 3690 483 3750 ferendum
507 3691 626 3767 quidem
650 3691 800 3765 existimo,
824 3693 933 3752 nedum
958 3693 1172 3769 recipiendum.
1214 3694 1333 3754 Etenim
1361 3693 1388 3754 si

214 3777 370 3839 eonsilium
397 3779 564 3855 proferenti
590 3782 751 3857 respondet
779 3782 885 3857 aliquis
914 3783 1083 3858 quaerendo
1108 3783 1194 3860 eique
1219 3785 1386 3861 quaestioni

214 3867 353 3945 adiungit
375 3869 559 3944 quaestionis
583 3871 730 3949 rationem
754 3861 942 3948 et‘oausam‚
967 3873 1021 3929 aut
1038 3871 1090 3930 ille
1108 3875 1207 3930 totum
1225 3872 1299 3931 illud
1319 3892 1387 3932 oon-

215 3957 316 4017 silium
334 3975 372 4016 au
390 3957 494 4033 perfici
511 3959 606 4033 possit
625 3959 752 4034 dubitat,
772 3958 857 4019 addit
876 3979 928 4019 cur
947 3960 1068 4020 dubitet
1081 3965 1135 4020 aut
1149 3981 1208 4021 una
1222 3963 1323 4038 aliqua
1336 3982 1385 4021 res

214 4047 252 4104 ad
269 4046 347 4105 illud
366 4048 522 4106 consilium
539 4041 692 4124 pertinens
712 4051 860 4124 quomodo
878 4049 1058 4125 perficienda
1077 4051 1116 4109 sit
1134 4052 1275 4126 haesitat,
1295 4052 1387 4110 adicit

214 4134 327 4211 aliquid
345 4155 404 4211 quo
422 4136 453 4194 in
472 4137 644 4197 universum
663 4138 785 4213 probari
804 4138 861 4197 sibi
875 4138 951 4197 illud
964 4139 1121 4198 consilium
1136 4141 1282 4200 ostendat.
1309 4140 1387 4199 Her·

214 4243 340 4285 manuus
355 4229 457 4285 autem
471 4224 554 4285 illam
568 4227 774 4303 quaestionem
788 4246 855 4286 cnm
869 4228 924 4287 hoo
943 4229 1098 4289 enuntiato
1117 4229 1231 4288 causali
1256 4230 1386 4306 copulat,

212 4312 244 4372 id
266 4314 346 4390 quod
368 4332 416 4373 me
439 4314 559 4391 quidem
584 4315 681 4376 iudice
707 4315 774 4376 fieri
796 4317 908 4394 nequit.
953 4317 1098 4395 Confugit
1124 4321 1227 4379 autem
1255 4320 1293 4378 ad
1316 4336 1385 4379 oon-

212 4402 357 4462 iecturam
380 4402 570 4464 Hermanuue
596 4406 677 4484 ideo,
696 4405 767 4483 quia
789 4406 834 4465 illi
862 4402 1038 4482 παλαιότης
1061 4408 1212 4484 propriam
1235 4408 1385 4469 notionem
