3050 5109
422 168 660 224 Lucubrationum
679 170 892 240 Euripidearum
911 172 1006 242 capita
1025 174 1137 227 selecta.
1300 176 1362 240 231

194 338 365 397 recensione
384 338 425 397 sit
442 338 634 397 iudicandum
657 338 727 398 diss.
746 339 829 414 Lips.
850 342 933 400 1875
957 361 986 417 p.
1007 334 1064 423 27)
1089 342 1208 402 61166161
1226 345 1292 420 quis
1312 346 1365 403 du-

195 427 301 501 plicem
322 427 523 487 recensionem
535 428 726 504 concederet,
745 430 897 488 variarum
912 429 1032 489 illarum
1046 431 1207 491 lectionum
1221 433 1365 509 originem

193 534 230 573 ne
248 516 292 574 ita
312 516 431 592 quidem
451 517 603 592 explicari.

299 605 395 663 Venio
420 607 514 688 igitur
540 607 577 665 ad
602 608 685 682 prius
710 606 787 665 illud
814 607 1077 685 grammaticorum
1103 629 1212 686 genua,
1238 631 1365 688 quorum

193 712 301 769 agmen
315 694 397 754 ducit
408 696 563 770 Adolphus
573 696 736 776 Kirchhoff,
756 696 808 772 qui
822 697 853 754 in
866 697 1053 772 praefatione
1068 699 1189 759 Medeae
1204 691 1247 782 (p.
1259 703 1299 760 33
1309 694 1363 781 66.)

193 783 320 857 primum
350 804 385 843 ex
413 783 687 860 interpretamentis
717 786 927 860 superscriptis
952 786 1072 845 fluxisse
1097 788 1234 849 lectionis
1258 790 1365 850 discre-

193 872 329 946 pantiam
348 873 540 933 existimavit.
578 874 699 949 Septem
719 874 771 933 ille
790 875 913 933 Medeae
932 876 1012 935 locos
1031 878 1089 935 huc
1108 877 1212 936 refert:
1245 897 1247 900 ·

650 996 685 1059 Σ.
990 1000 1020 1058 S.

471 1106 534 1164 385
582 1100 669 1164 ἑλεῖν
928 1107 1056 1167 κτανεῖν

413 1257 421 1271 x
470 1196 533 1253 668
581 1190 712 1267 ἑετάληε
926 1189 1043 1255 ἱκάνει(

471 1283 534 1342 802
581 1278 657 1342 τίεει
926 1280 1019 1343 bibra

471 1373 533 1430 949
580 1366 700 1431 sidroc
925 1369 1042 1447 ετέφοε

450 1462 535 1520 1130
582 1456 685 1520 οἰκίαν
927 1457 1032 1521 terior

448 1551 533 1608 1173
581 1544 633 1608 διὰ
652 1544 751 1622 ετόμα
889 1620 892 1626 ,
927 1546 1007 1610 κατὰ
1026 1545 1125 1623 ετόμα

449 1640 533 1698 1328
579 1637 679 1698 τλᾶεα
930 1638 1044 1713 doubts.

277 1773 386 1840 Fateor
403 1801 451 1839 me
469 1782 580 1857 ubique
598 1781 662 1840 fere
680 1781 778 1842 aviro
797 1783 970 1842 doctissimo
989 1782 1160 1859 dissentire,
1178 1802 1249 1840 nam
1266 1786 1302 1841 ut
1322 1782 1359 1842 de

187 1892 215 1931 v.
237 1872 298 1930 385
328 1872 408 1929 16616
436 1890 503 1929 6616
531 1871 679 1930 iudicasse
706 1871 881 1948 concedam,
908 1865 1025 1931 ἱκάνει(
1052 1872 1198 1931 vocabulo
1227 1866 1359 1945 ἑετάλη(

189 1959 426 2036 superscriptum
441 1959 542 2033 fuisse,
562 1960 633 2035 quia
650 1978 747 2036 neque
765 1960 903 2020 notiones
916 1980 1014 2036 neque
1028 1964 1166 2036 tempora
1180 1964 1359 2038 congruunt,

187 2068 301 2126 nequeo
315 2048 387 2108 mihi
402 2049 596 2127 persuadere,
614 2049 694 2107 idem
712 2049 815 2109 obstat
832 2069 869 2108 ne
883 2051 915 2108 16
929 2070 957 2110 v.
969 2051 1054 2108 1328
1070 2049 1170 2109 τλᾶεα
1183 2069 1238 2125 661
1252 2048 1358 2123 1611116

187 2138 367 2214 explicatum
377 2138 508 2213 credam,
524 2138 631 2213 666161
646 2140 712 2214 quis
727 2133 848 2197 πλόκο(
862 2135 1044 2215 661ετέφ6(
1061 2139 1231 2214 explicaret,
1240 2139 1359 2215 glossae

185 2229 317 2303 glossam
337 2226 584 2304 superscriberet,
604 2228 630 2286 si
649 2222 701 2286 διά
719 2247 774 2304 661
792 2223 886 2302 κατά,
908 2247 1045 2303 1616661
1064 2248 1096 2288 66
1114 2228 1235 2286 minime
1256 2230 1359 2288 obseu-

185 2336 250 2375 ram
272 2316 367 2374 nihilo
391 2316 488 2392 magis
512 2317 693 2376 inlustraret
733 2318 863 2376 Restant
886 2317 945 2377 duo
964 2318 1023 2377 loci
1040 2336 1115 2393 quos
1139 2336 1228 2393 66666
1245 2317 1291 2376 116
1309 2337 1357 2376 ex-

184 2406 290 2482 plicari
313 2405 393 2479 dem,
417 2408 543 2479 possunt
565 2405 603 2464 iis
622 2406 751 2465 fortasse
774 2407 862 2481 pauci
885 2426 921 2466 ex
938 2406 1092 2466 Alcestide
1111 2407 1192 2481 addi,
1218 2407 1271 2465 sed
1290 2426 1357 2466 cum

183 2496 215 2553 in
233 2496 348 2554 duabus
367 2494 575 2570 discrepantiis
596 2486 657 2573 (vv.
677 2498 740 2554 949
761 2499 793 2554 61
813 2489 913 2575 1173)
933 2497 1078 2556 vocabula
1096 2496 1284 2555 inveniamus
1303 2515 1356 2555 nc-

184 2586 264 2643 tione
287 2585 429 2659 gemella,
458 2602 534 2659 quae
561 2603 622 2644 non
645 2584 806 2643 admittant
828 2586 904 2644 hanc
928 2586 1168 2661 explicationem,
1197 2603 1356 2660 perversae

183 2674 256 2732 mihi
274 2672 395 2733 videtur
411 2673 537 2732 rationis
551 2691 618 2733 esse
632 2674 759 2733 alteram
779 2675 1011 2750 discrepantiam
1028 2675 1080 2732 1116
1095 2674 1183 2732 modo
1199 2675 1355 2750 explicare,

184 2765 309 2822 alteram
328 2763 469 2838 explicari
487 2780 548 2820 non
565 2781 652 2837 posse
671 2762 772 2839 fateri3
791 2764 881 2822 immo
897 2764 924 2822 61
942 2766 1064 2822 tantum
1082 2764 1270 2822 coniecturae
1285 2763 1356 2822 sub·

185 2852 357 2929 scribemus,
376 2870 452 2929 quae
471 2856 506 2910 ut
524 2853 580 2910 hoo
599 2852 643 2910 ita
660 2852 734 2910 illud
753 2851 832 2911 unde
851 2855 951 2911 ortum
970 2852 1018 2927 sit,
1038 2853 1231 2912 demonstret.
1264 2852 1353 2911 Dein·

183 2961 252 3018 ceps
262 2942 299 3001 de
308 2942 345 3000 iis
354 2942 502 3018 agendum
512 2944 559 3000 est
569 2959 644 3016 quae
652 2941 719 3000 dolo
729 2940 808 3000 malo
818 2942 1008 3017 grammatici
1019 2942 1198 3017 depravasse
1208 2942 1356 3001 feruntur.

181 3031 426 3106 Interpolationis
440 3033 543 3090 autem
556 3048 667 3107 genera
681 3030 740 3089 duo
755 3029 884 3090 discerni
897 3033 1038 3106 possunt:
1052 3033 1107 3090 aut
1120 3031 1201 3091 enim
1214 3031 1247 3088 in
1257 3049 1357 3090 emen·
1405 3025 1408 3030 ’

182 3121 280 3179 danda
298 3139 490 3178 numerorum
509 3120 607 3178 forma
620 3122 758 3179 versatur
773 3121 826 3178 aut
839 3121 872 3178 16
885 3120 1072 3179 restituenda
1088 3121 1245 3179 sententia.
1274 3119 1354 3178 Illud

181 3213 212 3268 61
230 3211 286 3268 hoc
305 3208 464 3285 diligenter
483 3209 647 3268 cavendum
665 3227 703 3267 ne
721 3208 951 3268 confundantur.
983 3209 1203 3283 Moschopulus,
1223 3209 1353 3267 Thomas

181 3299 336 3374 Magister,
350 3298 520 3357 Demetrius
531 3297 690 3356 Triclinius
704 3317 758 3373 per
769 3296 961 3374 Aeschylum,
972 3298 1158 3373 Sophoclem,
1168 3297 1351 3372 Euripidem,

180 3387 343 3447 Pindarum
361 3386 437 3445 illud
456 3406 572 3446 summa
590 3386 746 3463 diligentia
764 3387 973 3460 observabant,
993 3381 1064 3447 εἴτι
1083 3383 1165 3460 πρὸ(
1183 3382 1221 3446 τὸ
1235 3383 1353 3459 μέτρον

182 3470 250 3550 ἔχοι
265 3472 382 3550 ὀρθῶς
404 3477 440 3535 de
454 3477 603 3536 sententia
618 3478 703 3536 erant
717 3476 822 3536 666611.
849 3475 1006 3537 Eiusmodi
1020 3479 1122 3535 autem
1136 3476 1228 3534 alicui
1241 3475 1353 3534 homini

180 3566 251 3624 libri
270 3565 290 3624 S
309 3567 404 3642 pater,
424 3568 458 3624 ut
477 3566 522 3623 ita
540 3566 643 3639 dicam,
662 3566 693 3623 in
712 3582 819 3624 manus
837 3565 935 3642 venit,
958 3585 1029 3624 nam
1047 3585 1085 3624 ne
1103 3563 1123 3622 S
1142 3565 1241 3639 ipsum
1260 3564 1299 3622 ab
1319 3583 1353 3624 eo

181 3656 371 3714 emendatum
390 3657 568 3729 statuamus,
588 3655 689 3714 obstat
707 3655 851 3714 vitiorum
870 3654 909 3712 L⁰
929 3658 960 3713 et
973 3654 1011 3712 P⁰
1030 3654 1230 3713 communium
1248 3653 1351 3712 multi·

180 3744 262 3804 tudo.
299 3742 341 3803 At
358 3763 429 3803 vero
449 3747 502 3802 aut
524 3744 576 3802 1116
596 3743 807 3803 Tricliniorum
832 3743 1019 3819 diligentiam
1042 3761 1102 3801 non
1125 3742 1277 3821 aequabat
1300 3745 1353 3802 aut

181 3852 258 3911 quae
268 3833 319 3891 ille
330 3833 542 3893 emendaverat
556 3824 586 3891 8ἱ
599 3832 695 3909 166166
711 3832 873 3892 oscitantia
886 3835 1027 3908 corrupta
1041 3835 1124 3892 sunt:
1139 3833 1223 3892 velut
1232 3831 1298 3892 Alc.
1310 3835 1351 3892 94

180 3942 247 3982 cum
266 3922 298 3980 in
316 3923 452 3981 omnibus
471 3922 557 3981 libris
577 3924 671 3981 extet:

394 4041 513 4119 οὐγὰρ
533 4043 571 4120 δὴ
592 4040 780 4120 1666111εῇ
798 4042 831 4107 ἐξ
851 4038 948 4105 οἴκων
968 4040 1060 4105 νέκυε
1077 4040 1138 4120 ἤδη

151 4167 152 4170 ’
180 4162 265 4252 (nam
284 4172 364 4249 quod
383 4170 407 4229 P
427 4169 549 4228 exhibet
566 4166 627 4246 ἤδη
647 4166 753 4245 νέκυε,
771 4170 803 4227 id
817 4160 851 4227 Li
869 4189 936 4228 cum
952 4167 977 4227 Σ
996 4187 1141 4229 consensu
1155 4170 1264 4228 erroris
1286 4190 1351 4230 eon-

178 4251 338 4342 vineitur),
358 4258 519 4320 scholiasta
538 4262 639 4318 autem
657 4262 740 4318 recto
763 4258 866 4317 ordine
884 4258 1014 4318 iudicato
1033 4254 1125 4319 νέκυε
1142 4254 1203 4334 ἤδη
1227 4258 1351 4335 reliquis

179 4353 352 4425 praeponat,
371 4349 417 4409 his
437 4349 621 4425 respondent
638 4348 669 4406 in
688 4345 727 4406 Σ;
749 4348 812 4407 106
