3050 5109
231 231 296 295 246
477 273 481 280 -
689 232 813 286 Evaldus
831 230 939 285 Brubn:

235 401 386 460 scularum
406 401 546 490 explicari
564 400 667 475 possit.
691 400 795 460 Liceat
804 402 905 459 antem
923 420 1001 460 nnnc
1015 402 1111 477 ipsum
1127 403 1157 460 in
1173 403 1304 461 Helenae
1318 401 1420 461 Euri·

231 491 337 565 pideae
355 509 445 549 versu
464 489 564 565 aliquo
583 489 639 548 hac
657 490 799 549 libertate
818 490 877 548 uti:

355 636 415 691 711
442 625 469 689 ὦ
487 627 638 705 θύγατερ,
658 627 677 690 ὁ
697 628 770 691 θεὸς
789 625 834 690 ὡ(
853 626 917 706 ἔφυ
935 649 964 691 τι
984 628 1130 692 ποικίλον

446 716 497 779 καὶ
515 715 762 794 δυετέκμαρτον.
782 716 817 780 εύ
837 718 872 780 δέ
892 737 961 779 πω(
980 716 1172 798 ἀναετρέφει

414 827 416 832 ·
446 805 545 869 ἐκεῑεε
565 803 684 886 κᾴκεῑι’
703 804 891 884 ἀναφέρων·
911 807 929 868 ὃ
949 807 1007 884 μὲν
1025 812 1132 885 πονεῖ,

446 894 465 956 ὃ
485 892 520 956 δ’
538 893 578 956 ού
597 896 737 972 πονήτας
757 893 846 958 αὖθι(
865 892 997 959 ὄλλυται
1016 900 1132 974 κακῶς,

357 989 418 1047 715
446 984 574 1061 βέβαιον
593 982 690 1046 οὐδὲν
709 988 765 1061 τῆ(
784 981 833 1046 ἀεὶ
851 983 948 1062 τύχη(
967 983 1060 1062 ἔχων.

447 1074 483 1134 τὺ
502 1071 562 1149 γὰρ
582 1071 672 1134 πότι(
691 1092 724 1134 τε
750 1073 803 1135 τὸ(
822 1070 934 1135 πόνων
953 1074 1133 1153 μετέεχετε,

447 1160 483 1223 τὺ
503 1161 560 1238 μὲν
580 1159 720 1236 λόγοιειν
738 1161 757 1224 ὃ
777 1162 812 1223 δὲ
832 1161 929 1239 boob(
947 1162 1115 1245 προθυμίᾳ.

448 1250 595 1312 επεύδων
614 1248 648 1313 b’
666 1246 718 1313 ὅτ’
736 1248 868 1313 ἔτπευδ’
886 1251 984 1314 οὐδὲν
1003 1248 1082 1331 εἶχε,
1102 1255 1161 1317 νῦν
1185 1250 1218 1315 δ’
1236 1250 1303 1330 ἔχει

447 1336 611 1415 αὐτόματα
634 1337 755 1416 πράξατ
774 1336 890 1413 τάγάθ’
910 1339 1129 1418 εὐτυχέττατα.

324 1502 423 1577 Aegre
439 1521 486 1560 me
505 1503 636 1576 primum
655 1503 742 1561 credo
762 1503 911 1562 offendere
929 1504 961 1562 in
979 1506 1165 1580 oppositione
1182 1506 1235 1564 illa
1249 1525 1326 1581 quae
1340 1524 1412 1565 con-

232 1592 347 1649 tinetur·
366 1611 393 1649 ν.
417 1593 489 1649 717.
533 1585 591 1649 ‘Tu
617 1592 805 1668 maritusque
828 1596 899 1651 tuus
924 1593 1078 1653 laboribus
1104 1594 1292 1668 intereratis3
1318 1598 1349 1652 et
1374 1597 1411 1652 tu

234 1679 356 1755 quidem
374 1679 529 1737 hominum
548 1680 732 1757 rumoribus,
755 1682 809 1739 ille
828 1713 869 1721 -
889 1701 997 1760 nempe
1020 1685 1204 1759 proeliorum
1227 1683 1411 1744 vicissitudi-

234 1768 342 1827 nibus?
380 1768 478 1827 Aliter
496 1769 610 1844 placuit
632 1770 778 1829 librariis:
799 1770 930 1829 bellandi
948 1764 1154 1853 cupiditate.⁷)
1187 1773 1230 1831 At
1248 1791 1340 1832 causa
1359 1791 1410 1830 ex·
1499 1773 1500 1780 ’

235 1862 321 1916 terna
340 1860 371 1915 et
389 1857 509 1915 interna
527 1857 579 1933 qui
598 1861 727 1933 possunt
745 1859 825 1917 inter
844 1878 875 1917 se
894 1860 1024 1936 opponi?
1044 1881 1120 1937 quae
1139 1864 1242 1921 autem
1259 1862 1319 1920 ista
1342 1864 1411 1920 erat

234 1946 265 2004 in
280 1947 417 2004 Menelao
437 1944 589 2024 μαλθακῷ
609 1942 743 2026 αἰχμητῇ
763 1948 897 2006 bellandi
915 1950 1074 2026 cupiditas,
1093 1955 1128 2009 ut
1147 1952 1197 2026 qui
1216 1971 1276 2010 non
1295 1952 1333 2008 ad
1349 1951 1410 2008 bel·

235 2036 371 2110 landum,
398 2035 450 2093 sed
468 2034 506 2092 ad
526 2054 648 2094 uxorem
666 2037 901 2111 recuperandam
922 2038 1043 2097 Troiam
1062 2034 1322 2114 proficisceretur?
1363 2038 1408 2096 Ne

236 2124 344 2198 longus
364 2123 434 2196 sim,
454 2122 539 2183 unice
558 2124 682 2198 dignum
701 2125 846 2201 Euripide
865 2126 998 2186 videtur:

450 2261 485 2323 τὺ
504 2260 565 2338 γὰρ
585 2260 675 2325 πόει(
694 2283 728 2325 τε
748 2263 803 2326 τὸ(
822 2262 934 2327 πόνων
953 2266 1131 2343 μετέεχετε,

448 2351 484 2411 cb
504 2350 561 2427 μὲν
581 2350 736 2428 λόγοιειν,
756 2351 775 2415 ὃ
795 2353 830 2415 δὲ
850 2353 946 2430 δορὸς
965 2351 1184 2437 τρικυμίᾳ.8)

326 2514 468 2573 Ceterum
487 2514 617 2573 libenter
635 2515 779 2590 profiteor
803 2547 844 2555 —
864 2517 895 2574 id
914 2517 992 2592 quod
1013 2537 1066 2593 per
1085 2537 1117 2576 se
1135 2518 1273 2594 intellegi
1291 2522 1408 2594 poterat
1447 2479 1449 2482 -

241 2635 277 2644 -
299 2623 359 2662 non
377 2603 452 2661 mihi
470 2603 567 2678 primo
587 2605 774 2663 intellectam
788 2624 853 2664 csse
873 2625 963 2682 quam
982 2607 1029 2665 hic
1048 2608 1197 2683 explicavi
1211 2608 1407 2683 rem⁰simpli·

237 2693 401 2751 cissimam:
426 2711 566 2767 magnam
590 2693 669 2750 enim
688 2694 751 2752 veri
775 2696 893 2768 partem
917 2694 1033 2770 pridem
1057 2696 1134 2756 vidit
1153 2697 1406 2770 Wilamowitcius,

238 2782 318 2857 apud
337 2801 425 2857 quem
443 2781 487 2838 ita
506 2785 552 2839 est
569 2781 601 2839 in
621 2783 710 2842 anall
725 2782 850 2858 Euripp.
871 2786 949 2842 243:
969 2778 1185 2861 ‘reponendum

349 2918 395 2981 τὼ
414 2923 472 2983 τού
492 2919 613 2997 πατρὸς
633 2915 729 3004 (Διὸς
748 2917 847 3006 codd.)
867 2923 903 2985 δὲ
922 2924 1088 3001 λεγομένω
1107 2924 1187 2987 Διὸς
1206 2921 1300 3002 κόρω.

237 3067 315 3124 tales
346 3085 416 3125 vero
444 3067 626 3125 mutationes
655 3085 709 3126 nec
737 3068 977 3128 Hcimsoethiani
1006 3063 1191 3128 “indirectae
1215 3062 1405 3128 traditionis''

239 3155 317 3213 fabri
336 3173 390 3214 nec
408 3155 596 3231 grammatici
614 3174 669 3213 nec
688 3160 871 3216 correctores
891 3158 1017 3218 evanida
1036 3158 1210 3232 supplentes
1233 3157 1417 3231 procudunt,

239 3242 292 3302 sed
310 3243 402 3302 nescii
420 3243 552 3313 librarii3
571 3262 672 3303 nemo
690 3250 855 3305 nostrum
874 3265 942 3305 non
964 3248 1017 3305 ita
1034 3239 1180 3322 peccat'.

331 3521 358 3589 ⁷)
376 3520 440 3574 Non
460 3518 582 3575 diffiteor
599 3521 691 3575 virum
710 3523 847 3577 sermonis
861 3522 961 3577 Graeci
981 3522 1081 3577 eximie
1099 3524 1221 3593 peritum
1239 3522 1404 3590 quaesivisse

239 3607 332 3645 nonne
359 3591 500 3660 προθυμίᾳ
528 3593 610 3659 boob(
636 3592 709 3647 verti
738 3597 834 3662 posset
861 3593 986 3647 ‘naviter
1010 3594 1186 3663 pugnando'.
1224 3593 1288 3647 Non
1316 3595 1404 3647 autem

240 3662 329 3715 ullum
349 3663 507 3731 exemplum
530 3663 655 3718 invenire
675 3666 768 3733 potui,
793 3664 869 3731 quod
892 3664 957 3718 huic
977 3664 1133 3721 sententiae
1155 3667 1270 3721 ύινοιθύ.
1308 3663 1404 3719 Contra

240 3736 353 3787 nostrae
371 3733 596 3803 interpretationi
614 3734 692 3790 favet
710 3735 796 3790 etiam
814 3734 897 3789 Rhes.
918 3741 965 3789 63:

507 3842 585 3907 κάγὼ
604 3844 653 3908 μὲν
671 3845 707 3909 ἦν
725 3842 868 3909 πρόθυμα(
885 3842 972 3897 ἵετθαι
991 3843 1059 3911 δόρυ

507 3914 537 3966 ἑν
555 3916 635 3967 νυκτὶ
653 3912 768 3981 χρῆτθαί
781 3915 813 3966 τ’
831 3914 939 3980 εὐτυχεῖ
957 3916 1031 3985 ῥύμῃ
1052 3919 1125 3971 θεοῦ.

330 4038 357 4103 8)
377 4035 416 4090 Of.
435 4036 500 4092 Eur.
511 4038 575 4092 Tro.
586 4041 629 4091 82.
649 4037 761 4102 Αἰγαῖον
775 4037 864 4104 πόρον
882 4039 1036 4106 τρικυμίαιε
1049 4042 1193 4108 βρέμοντα.
1213 4039 1402 4095 Aesch.Prom.

242 4113 311 4161 1014
329 4106 363 4160 K.
383 4114 476 4162 κακῶν
494 4108 629 4176 τρικυμία.
658 4108 722 4162 Εω.
737 4108 841 4163 Phoen.
858 4115 918 4165 859.
938 4112 968 4165 ἐν
986 4113 1040 4179 γὰρ
1059 4114 1178 4166 κλύδωνι
1196 4110 1303 4177 κείμεθ’
1321 4113 1403 4177 ὥεπερ

242 4181 320 4234 οῖεθα
339 4181 369 4233 ct
389 4181 472 4247 δορὸς
489 4181 648 4266 donatores.
