3050 5109
391 217 628 273 lucubrationum
647 218 860 290 Euripidearum
880 220 975 289 capita
993 218 1105 273 selecta.
1269 218 1334 281 323

377 382 417 446 οὐ
436 381 497 461 γάρ
517 403 549 445 (ε
569 384 608 461 μὴ
629 385 710 465 rnre
728 405 763 446 τε
783 385 834 446 καὶ
854 383 962 466 10611
982 388 1092 466 uaros

375 470 475 560 qusc'
493 470 566 535 odo'
585 471 837 536 ὑποπτεύεουειν
855 471 914 535 ὧδ’
934 474 1129 550 ἠνθιεμένον.

377 561 465 643 λόγῳ
485 563 521 624 δὲ
541 565 608 638 χρῶ
627 560 746 645 τοιῷδ),
767 561 816 624 ὅτι
836 564 926 627 Ξένοε
946 564 1003 639 μὲν
1024 561 1053 625 ε1

288 657 329 714 45
377 651 521 728 Φωκεύς,

162 782 231 841 hinc
255 782 313 838 duo
337 780 506 857 paedagogi
529 780 638 838 itinera
663 797 723 839 non
745 780 905 839 eliciemus.
944 780 1044 840 Sensit
1068 784 1169 840 autem
1193 782 1248 840 hoc
1271 782 1335 856 ipse

164 870 340 946 Sophocles3
359 889 430 928 nam
449 868 547 929 Oresti
566 872 597 927 in
616 890 643 930 ν.
657 871 741 929 1343
753 870 919 955 quaerenti

407 989 568 1067 χαίρουειν
587 989 646 1053 οὖν
664 991 823 1054 τούτοιειν
843 993 861 1069 ἢ
881 991 964 1055 τίνε(
984 989 1090 1073 λόγοις

162 1121 324 1196 respondet
341 1118 548 1195 paedagogus:

374 1223 578 1299 τελουμένων
598 1220 717 1300 εἴποιμ>
737 1220 790 1284 ἄν·
810 1221 855 1285 ὡ(
874 1224 910 1285 δὲ
930 1226 988 1285 νῦν
1008 1222 1086 1300 ἔχει,

376 1313 480 1374 καλῶ(
500 1310 631 1375 ἐκείνων
651 1311 755 1375 πάντα
776 1312 825 1374 καὶ
844 1312 884 1374 τὰ
902 1314 942 1391 μὴ
964 1314 1079 1374 ratde.
1153 1367 1157 1374 .

161 1458 266 1535 Neque
289 1458 393 1517 dubito
415 1457 488 1533 quin
514 1458 610 1517 11111111
634 1458 706 1535 sint,
734 1459 787 1534 qui
810 1458 991 1517 satisfecisse
1013 1458 1058 1516 ita
1078 1457 1254 1533 Sophoclem
1278 1458 1336 1516 sibi

162 1549 276 1624 dicant;
304 1567 358 1622 ego
387 1547 580 1605 nihilominus
605 1549 750 1607 contendo
779 1547 929 1606 dicturum
957 1567 1016 1607 non
1039 1546 1132 1605 fuisse
1158 1547 1334 1622 Sophoclem

161 1639 191 1695 in
209 1638 334 1713 prologo
354 1637 390 1694 de
408 1636 514 1695 nuntio
533 1637 595 1712 1110,
614 1638 671 1696 nisi
690 1638 818 1713 perferri
837 1657 903 1696 eum
924 1637 1076 1696 voluisset.

249 1728 291 1785 Et
309 1727 381 1784 haec
401 1725 521 1801 quidem
540 1727 702 1785 secundum
721 1728 818 1786 artem
838 1727 993 1802 disputata
1018 1744 1082 1785 esse
1101 1726 1230 1802 00111111ος
1256 1729 1335 1801 quod

160 1817 221 1874 iam
235 1816 408 1891 prolaturus
423 1834 497 1891 sum,
512 1815 542 1872 id
556 1816 621 1890 ipse
636 1816 805 1890 opinionem
824 1816 951 1891 adpelle,
970 1814 1087 1874 abunde
1102 1818 1196 1890 ratae,
1211 1816 1269 1873 nisi
1284 1817 1334 1873 alii

161 1905 368 1963 ariolationern
388 1904 569 1963 vocaverint.
606 1905 689 1963 Mero
708 1905 788 1964 enim
807 1924 896 1963 sensu
915 1905 1037 1981 nititur;
1060 1905 1140 1979 quod
1159 1908 1259 1963 autern
1279 1925 1335 1981 ego

161 1995 271 2068 sentio,
289 1992 320 2050 id
339 1994 450 2052 sentire
469 2013 528 2052 non
546 2012 669 2069 possum
687 2000 869 2069 quemquam
887 2013 1001 2069 cogere.
1040 1993 1099 2052 Sed
1125 1998 1159 2051 ut
1182 1994 1221 2052 ad
1238 1994 1334 2068 ipsam

161 2103 224 2141 rem
239 2082 410 2157 adgrediar:
427 2083 451 2141 si
466 2084 533 2157 quis
547 2088 578 2141 te
591 2083 713 2142 iusserit
728 2102 763 2141 ex
774 2084 927 2159 Antigona
941 2083 1077 2158 singulos
1093 2084 1173 2142 locos
1187 2102 1334 2161 promere,

161 2172 268 2249 quibus
287 2190 359 2247 prae
379 2172 486 2230 ceteris
505 2172 584 2230 inter
597 2174 758 2249 legendum
779 2172 819 2246 sis
838 2176 1006 2247 permotus:
1032 2191 1129 2231 nonne
1149 2172 1335 2248 aliquamdiu

160 2261 324 2320 haesitabis
344 2263 374 2318 et
392 2258 506 2319 frustra
525 2261 765 2337 circumspicies?
791 2261 870 2320 Nam
890 2261 916 2320 si
934 2263 1085 2337 exceperis
1104 2261 1276 2337 Antigonae
1296 2264 1334 2320 ad

161 2349 318 2409 Creontem
331 2368 507 2424 responsum
523 2353 553 2408 et
567 2351 700 2409 eiusdem
719 2352 847 2425 Θρῆνον,
863 2352 912 2409 vix
926 2352 1059 2410 invenies
1074 2351 1239 2426 quicquam,
1255 2355 1334 2427 quod

161 2459 179 2498 a
201 2440 324 2514 reliquis
348 2439 516 2497 seiunctum
539 2441 734 2516 suofulgeat
757 2442 862 2499 nitore.
905 2439 964 2498 Vix
987 2443 1089 2498 autem
1118 2441 1206 2498 aliter
1230 2460 1262 2499 se
1286 2461 1333 2499 res

161 2529 253 2586 habet
271 2529 302 2586 in
312 2529 411 2602 Aiace,
427 2528 604 2603 Trachiniis,
623 2529 800 2605 Philocteta,
820 2527 933 2604 Oedipo
949 2530 1040 2604 Rege,
1058 2529 1157 2588 mimis
1172 2531 1203 2587 in
1219 2528 1333 2605 Oedipo

161 2616 304 2676 Coloneo:
333 2620 367 2675 ut
389 2621 491 2676 tamen
514 2618 688 2677 concludere
712 2620 810 2695 possis
837 2619 933 2677 solere
953 2618 1130 2694 Sophoclem
1159 2612 1228 2699 (nec
1253 2621 1333 2678 solus

160 2708 265 2781 opinor
280 2699 369 2785 solet)
385 2725 445 2763 non
459 2707 584 2782 singulis
595 2707 681 2782 quasi
694 2707 864 2782 insignibus
875 2708 1003 2766 adlicere
1013 2707 1199 2766 audientium
1209 2709 1333 2782 animos

161 2795 212 2853 sed
231 2794 324 2852 totius
343 2794 467 2852 actionis
486 2796 688 2869 perpetuitate
705 2800 738 2856 01
753 2796 942 2855 cohaerentia
956 2815 1141 2873 permovere.
1169 2797 1204 2854 In
1214 2798 1335 2857 Electra

161 2887 262 2942 autem
282 2883 307 2941 si
326 2883 420 2941 multo
439 2884 541 2958 plures
560 2885 640 2944 locos
660 2888 762 2944 extare
781 2886 868 2945 video
888 2904 948 2959 000,
967 2905 1041 2961 quos
1061 2886 1176 2945 lumina
1190 2888 1332 2963 appelles,

162 2972 271 3051 quibus
297 2972 335 3029 ad
359 2971 578 3032 diversissimos
605 2974 696 3032 animi
721 2974 857 3032 adfectus
881 2975 966 3049 quasi
989 2974 1116 3050 rapiaris
1141 2977 1333 3050 attraheris,

161 3081 216 3136 ego
236 3062 417 3137 adgnoscere
441 3062 514 3118 mihi
537 3062 641 3121 videor
660 3062 838 3137 Sophoclem
864 3065 1073 3139 properantius
1091 3067 1333 3139 progredientem

161 3155 191 3208 01
210 3144 277 3228 ὅλῳ
296 3150 342 3229 τῷ
362 3144 489 3228 θυλάκῳ
509 3147 694 3228 (πείροντα,
713 3171 789 3228 quae
804 3152 982 3228 prudentius
997 3156 1086 3213 antea
1101 3158 1220 3213 severat
1233 3175 1331 3216 manu.

248 3239 325 3296 Nam
341 3238 528 3299 dinumerare
544 3241 597 3299 illa
611 3241 789 3302 luminatrix
803 3245 849 3300 001
868 3261 951 3317 opus.
980 3243 1068 3301 Mitto
1088 3243 1268 3319 equiriorum
1284 3245 1333 3304 de-

160 3328 360 3403 scriptionem,
384 3347 443 3403 qua
461 3329 659 3389 Athenienses
679 3330 839 3390 admodum
858 3332 1022 3391 delectatos
1042 3350 1106 3391 esse
1130 3333 1253 3390 dubium
1272 3354 1331 3392 non

161 3420 219 3475 est:
239 3417 309 3492 quid
320 3415 426 3476 Oreste
443 3417 557 3476 dulcius
571 3420 604 3476 in
617 3420 756 3497 patriam,
776 3440 811 3478 ex
826 3440 886 3496 qua
899 3421 999 3479 infans
1014 3422 1169 3499 effugerat,
1184 3423 1243 3480 iam
1259 3424 1330 3481 dum

160 3505 222 3565 dies
241 3507 404 3584 inlacessit,
423 3525 560 3565 auroram
580 3527 650 3566 aves
670 3512 761 3568 cantu
780 3511 978 3586 consalutant,
1002 3511 1146 3569 redeunte
1163 3513 1332 3589 sensimque

159 3597 290 3654 locorum
309 3596 359 3656 vix
372 3599 512 3655 notorum
527 3597 700 3655 memoriam
720 3597 896 3673 repetente?
926 3597 981 3656 Oui
994 3600 1188 3676 paedagogus
1202 3602 1331 3676 primum

159 3688 295 3744 recenset
315 3684 459 3761 quidquid
478 3686 591 3761 grande
611 3688 642 3744 et
659 3687 796 3761 pulcrum
817 3694 863 3746 est
880 3687 911 3745 in
929 3706 1022 3763 regno
1041 3688 1145 3763 patris,
1165 3691 1202 3748 ad
1217 3695 1330 3764 postre-

159 3795 240 3832 mum
269 3773 358 3847 δῶμα
386 3771 581 3834 Πελοπιδῶν
610 3771 835 3850 πολύφθορον,
868 3776 948 3852 quod
978 3796 1032 3835 nos
1062 3777 1217 3838 audientes
1246 3783 1331 3839 anxie

160 3863 365 3939 praesagimus
388 3863 443 3921 hoc
462 3882 580 3939 quoque
603 3865 651 3924 die
670 3866 815 3939 sangnine
834 3884 1028 3940 conspersum
1046 3867 1092 3924 iri,
1130 3866 1208 3936 Ouid
1231 3868 1329 3945 Clyte·

159 3957 273 4010 mestre
290 3950 454 4010 terribilius
469 3955 638 4027 Apollinem
656 3955 839 4030 imprecante
858 3955 1056 4030 continuoque
1076 3948 1125 4035 (ut
1138 3957 1192 4014 illa
1211 3958 1330 4034 quidem

159 4033 269 4120 credit)
293 4039 351 4098 sibi
373 4041 560 4100 satisfactum
582 4044 714 4117 vidente,
739 4063 806 4102 cum
824 4044 970 4103 scelerum
992 4044 1141 4103 vindicem
1163 4065 1217 4105 nos
1244 4051 1331 4123 quasi

159 4130 316 4189 audiamus
336 4133 416 4187 certo
436 4130 532 4203 gradu
552 4136 582 4190 et
600 4133 701 4192 stabili
720 4133 930 4193 incedentem?
968 4133 1040 4192 Plus
1060 4135 1151 4193 semel
1170 4135 1329 4211 Sophocles

159 4220 273 4279 crudeli
292 4218 388 4276 ironia
407 4217 593 4296 ludificantes
612 4222 730 4280 induxit
744 4223 900 4282 caelicolas
914 4222 1056 4282 miseram
1070 4225 1242 4283 mortalium
1257 4247 1329 4302 gen·

160 4313 233 4382 tem,
262 4308 429 4367 terribilius
457 4327 610 4384 nunquam
638 4331 728 4387 quam
755 4313 830 4373 hice.
867 4312 944 4382 Ouid
967 4313 1109 4372 Electra?
1147 4313 1238 4374 Cuius
1267 4318 1329 4375 sive

160 4399 278 4471 θρῆνον
297 4397 382 4456 audis
405 4399 467 4458 sive
488 4417 553 4456 cum
570 4400 817 4476 Chrysothemide
836 4402 992 4479 conloquia
1010 4402 1115 4461 habita
1136 4405 1329 4495 senodenique

1064 4501 1117 4555 01*
