3050 5109
198 238 263 303 230
654 234 780 289 Evaldus
798 233 906 287 Bruhn:

288 407 378 483 Legit
392 406 488 482 igitur
502 404 664 464 scholiasta
680 400 798 464 ΓΡΑΙΑΙ
809 399 965 463 ΠΑΛΑΙΑΙ
976 397 1135 480 ΠΑΙΔΕΕ,
1148 394 1261 475 γραίαε
1270 404 1371 459 autem

198 516 259 557 non
278 497 404 569 vetulas,
423 494 475 553 sed
486 493 593 553 Graias
607 493 764 553 intellexit.
791 491 902 551 Scholii
916 492 1010 551 verba
1023 490 1144 550 restitui
1157 508 1215 548 non
1230 494 1371 567 possunt3

199 586 299 645 sensui
313 586 386 644 haee
400 583 603 643 satisfaciunt:
622 576 814 659 <παλαιαί>ι
828 577 937 641 πολιαὶ
952 575 1029 654 γάρ·
1048 579 1160 639 παῖδε(
1175 575 1228 638 διὰ
1241 575 1279 638 τὸ
1293 574 1370 656 (tr)

200 672 284 736 νέων
303 667 576 751 <πεπολιῶεθαι>·
597 669 616 746 ἢ
641 668 750 745 ἐπειδὴ
771 664 887 743 ἄγαμοι
905 667 957 729 καὶ
975 666 1130 742 παρθένοι
1149 664 1233 728 εἰείν.

286 762 462 839 Quanquam
485 761 557 839 quid
575 759 713 836 agimus?
751 758 813 818 Cur
839 760 876 818 de
900 777 959 818 uno
983 759 1046 817 loco
1073 757 1289 833 digladiamur,
1312 777 1371 833 quo

199 856 300 928 arepto
320 855 470 912 sescentos
485 849 650 910 adversarii
665 850 739 908 alios
753 849 903 924 prolaturi
917 846 998 906 sint?
1025 847 1143 923 Inspice
1157 846 1372 923 discrepantias

173 950 176 954 ’
199 943 289 1014 15155,
316 942 420 1019 555155
440 944 471 1000 51
489 940 569 1015 apud
588 939 764 1015 Sophoclem
788 941 818 997 et
842 936 922 1013 apud
940 936 1116 1012 Euripidem
1138 937 1219 995 haud
1242 955 1311 995 raro
1329 936 1373 993 in-

199 1031 375 1090 veniuntur:

643 1143 728 1199 lectio
746 1143 854 1198 tradita
1026 1141 1106 1197 varia
1123 1141 1208 1197 lectio

341 1243 415 1303 Eur.
433 1241 484 1303 Or.
522 1246 586 1303 374
673 1238 788 1301 παιδὸς
1028 1232 1186 1312 θυγατρότ

522 1334 585 1391 672
673 1331 723 1390 δεῖ
1026 1327 1086 1403 χρή

373 1421 484 1481 Ρ15555.
521 1422 586 1479 444
673 1420 773 1493 χωρεῖ
1023 1415 1091 1493 ἥκει

522 1511 584 1568 565
672 1505 897 1582 πορθουμένατ
1028 1503 1221 1584 λελῃεμὲνα(

413 1599 478 1658 Alc.
500 1599 584 1657 1105
672 1591 761 1671 ἄθρει
1030 1591 1091 1669 ὅρα

404 1687 481 1746 Mad.
519 1689 583 1746 385
672 1686 801 1746 κτανεῖν
1029 1681 1116 1744 ἑλεῖν

523 1777 585 1835 668
673 1770 805 1848 ἑετάληε
1026 1768 1144 1832 ἱκάνει(

337 1863 484 1940 Sophhi.
523 1865 585 1924 501
673 1858 791 1925 ἀτίζων
1025 1858 1149 1922 ἰάπτων

433 1953 479 2011 El.
500 1956 583 2011 1101
672 1947 789 2026 ἱετορώ
1026 1948 1171 2024 ματτεύω

501 2044 586 2101 1393
674 2037 794 2100 ἑδώλια
1027 2035 1215 2114 ἑδράτματα.

290 2187 387 2244 Abest
406 2185 501 2244 omnis
519 2184 691 2244 litterarum
711 2203 890 2244 sonorumve
909 2182 1088 2259 similitudo,
1113 2184 1164 2259 qui
1183 2183 1278 2260 igitur
1295 2188 1378 2259 pote-

201 2280 270 2337 rant
289 2275 363 2334 talia
381 2272 561 2333 confundere
580 2273 717 2333 librarii?
754 2274 899 2332 Poterant
922 2274 968 2331 1111
990 2273 1125 2351 quidem,
1148 2274 1173 2331 si
1196 2273 1234 2331 ad
1254 2292 1290 2332 ea
1308 2274 1379 2332 licet

201 2383 373 2442 provocare,
392 2381 468 2439 quae
487 2361 524 2420 de
543 2382 679 2422 errorum
698 2363 814 2439 origine
829 2381 921 2439 supra
939 2362 1105 2438 disputavi3
1124 2362 1284 2437 primariae
1299 2363 1378 2421 enim

203 2458 234 2515 et
253 2453 447 2514 secundariae
472 2452 678 2528 perceptiones
702 2471 770 2510 cum
793 2451 1026 2525 confundantur,
1052 2451 1155 2526 quidni
1178 2452 1210 2510 in
1234 2451 1377 2510 1551155115

202 2546 282 2604 idam
300 2541 375 2601 fiat?
413 2540 471 2599 Sed
497 2542 579 2600 ultra
604 2540 849 2618 probabilitatem
874 2541 918 2599 ita
940 2560 994 2599 nos
1018 2557 1078 2600 non
1101 2541 1259 2600 escendere
1286 2542 1378 2617 probe

204 2634 272 2693 5515.
294 2630 384 2691 (15515
399 2629 478 2690 enim
491 2630 568 2689 nihil
582 2632 822 2690 demonstratum
836 2633 883 2690 est
896 2629 955 2689 nisi
968 2630 1044 2688 illud
1062 2630 1139 2688 tales
1154 2629 1379 2706 discrepantias,

204 2724 229 2784 si
248 2720 376 2780 maxime
400 2723 483 2779 ortae
503 2720 564 2778 sint
586 2739 668 2779 mero
691 2719 885 2779 librariorum
909 2738 1024 2792 errore,
1049 2737 1138 2793 posse
1161 2719 1206 2778 ita
1229 2720 1378 2794 explicari.

204 2811 317 2882 Quodsi
336 2809 537 2870 demonstrari
555 2809 689 2884 potuerit
707 2809 874 2869 necessario
893 2808 937 2867 ita
956 2827 1007 2867 eas
1026 2810 1113 2867 natas
1133 2826 1208 2884 esse,
1226 2811 1257 2867 51
1276 2807 1378 2866 Η5155-

204 2899 367 2961 eoethianis
390 2898 521 2956 fulcrum
544 2901 680 2973 ereptum
704 2899 762 2957 erit
784 2898 996 2975 gravissimum
1019 2900 1050 2956 et
1073 2915 1150 2973 quae
1169 2916 1224 2973 ego
1248 2898 1379 2974 exposui,

205 3009 241 3049 ea
259 2986 420 3049 admodum
439 2991 528 3046 erunt
547 2988 747 3048 corroborata.

294 3076 380 3147 Quod
398 3079 434 3134 ut
452 3077 667 3150 demonstrem,
690 3077 827 3152 exempla
844 3076 974 3152 primum
999 3094 1035 3133 ex
1052 3074 1207 3134 Alcestide
1225 3078 1256 3133 51
1275 3075 1380 3135 Medea

205 3166 376 3242 Euripideis
390 3183 535 3241 promam.
554 3165 634 3236 Quas
647 3166 767 3224 fabulas
782 3165 916 3242 quisquis
930 3164 979 3224 vel
989 3164 1117 3223 strictim
1130 3164 1277 3243 attigerit,
1291 3185 1381 3240 quam

206 3275 294 3332 saepe
322 3273 471 3332 quamque
495 3254 629 3330 graviter
646 3255 726 3314 15155
744 3275 776 3314 55
800 3255 969 3330 discrepent
986 3254 1006 3312 S
1026 3256 1056 3312 51
1075 3244 1132 3333 1³)
1150 3253 1323 3331 mirabitur,
1348 3259 1381 3314 ut

206 3345 285 3405 unde
299 3344 421 3403 tandem
440 3346 512 3403 nata
527 3344 566 3402 sit
580 3346 667 3403 tanta
682 3344 890 3420 discrepantia,
909 3343 990 3402 ultro
1001 3362 1189 3419 quaeremus.
1220 3341 1276 3401 Cui
1289 3364 1378 3419 quae·

207 3434 298 3494 stioni
312 3434 364 3509 qui
381 3432 561 3508 respondere
580 3433 680 3493 conati
698 3437 769 3493 sunt
787 3433 985 3509 grammatici,
1005 3452 1106 3491 eorum
1122 3433 1288 3491 sententiae
1304 3433 1379 3492 bifa-

205 3525 281 3582 riam
299 3521 396 3598 digeri
413 3527 553 3598 possunt:
572 3525 643 3582 sunt
661 3523 741 3581 enim
760 3523 812 3599 qui
831 3522 1043 3597 grammaticos
1058 3524 1194 3580 auctores
1209 3522 1380 3581 existiment

207 3632 316 3688 eosque
335 3615 366 3670 et
384 3611 660 3686 interpretamentis
680 3611 936 3686 superscribendie
960 3611 1053 3671 verba
1070 3611 1177 3685 poetae
1196 3611 1379 3687 explicantes

206 3705 237 3762 et
252 3720 328 3779 quae
342 3719 436 3775 prava
449 3700 630 3775 viderentur,
646 3701 851 3777 emendantes3
868 3703 939 3759 5551
953 3700 1003 3777 551
1017 3701 1056 3759 ab
1070 3699 1265 3759 histrionibus
1280 3695 1380 3760 varias

205 3792 274 3851 illas
289 3790 431 3849 lectiones
445 3790 595 3865 profectas
605 3793 752 3849 censeant.
772 3790 852 3847 Nam
867 3789 946 3866 quod
960 3789 1077 3866 aliquot
1088 3788 1160 3848 locis
1175 3788 1380 3849 demonstrare

208 3883 331 3940 conatus
342 3882 387 3938 est
402 3878 604 3938 Kirchhoffius
623 3880 653 3937 in
668 3880 831 3956 archetypo
847 3877 972 3938 eandem
986 3878 1217 3954 discrepantiam
1231 3878 1380 3938 extitisse:

186 3989 242 4029 ·eo
262 3970 335 4027 haec
353 3967 473 4043 quidem
493 3969 628 4045 quaestio
651 3967 700 4028 vix
722 3972 931 4044 promovetur,
957 3968 1052 4029 nihilo
1077 3969 1155 4027 enim
1180 3968 1273 4027 setius
1292 3988 1380 4044 quae-

209 4058 312 4131 rimus,
330 4057 408 4116 unde
428 4056 459 4115 in
478 4059 673 4134 archetypum
690 4058 776 4117 tanta
790 4057 991 4131 discrepantia
1004 4057 1162 4131 invaserit3
1181 4056 1261 4133 quod
1279 4060 1381 4116 autem

209 4168 244 4207 ex
264 4148 361 4207 altera
378 4146 550 4205 recensione
579 4165 655 4222 quae
681 4146 791 4206 dicitur
810 4146 931 4206 Medeae
958 4147 1013 4207 hoc
1036 4145 1241 4223 explicandum
1260 4146 1381 4222 quidam

209 4237 430 4312 cogitaverunt:
449 4235 666 4297 demonstravit
683 4236 833 4295 Antonius
852 4235 956 4296 Klette
974 4228 1062 4316 (quid
1080 4237 1117 4294 de
1135 4236 1245 4293 iterata
1258 4235 1381 4294 Medeae

300 4426 326 4493 3)
345 4424 407 4477 Hac
423 4422 492 4476 nota
510 4420 596 4478 libros
615 4424 729 4479 scholiis
742 4424 896 4479 instructoe
915 4422 1157 4491 comprehendam.
