3050 5109
206 200 272 265 324
354 201 479 256 Eraldus
497 199 604 254 Bruhu:
623 198 864 255 Lucubraticnum
882 179 1007 270 Euripid.
1027 198 1122 270 capita
1136 199 1248 264 selecta.

206 367 294 446 ῥῆειν
308 389 368 447 qua
380 368 484 427 fratris
498 372 596 429 morte
611 370 713 428 audita
727 369 820 428 animi
834 369 951 429 dolores
965 369 1101 429 effundit:
1124 368 1231 446 omnia,
1247 369 1338 429 etiam
1354 372 1382 431 si

206 479 224 518 a
247 459 371 535 reliquis
399 462 539 533 separata
567 459 729 534 adspicias,
758 458 951 519 viridissimis
984 458 1102 533 depicta
1128 458 1277 518 coloribus
1306 480 1381 520 vere

206 549 352 607 luminum
371 547 468 606 instar
486 548 613 623 fulgent.
650 547 734 606 Nihil
752 566 824 607 vero
848 547 978 607 divinius
997 567 1087 623 quam
1111 549 1257 624 quomodo
1278 547 1381 626 Clyte-

206 640 349 697 mestram
377 634 470 696 occidi
493 636 574 697 facit.
614 636 718 697 Liceat
742 640 844 696 sutem
872 640 1034 713 antequam
1062 638 1231 697 coronidem
1254 637 1377 714 pingam

206 726 362 806 egregium
382 725 534 801 Sophoclis
554 725 714 785 artificium
732 726 951 802 demonstrare,
975 726 1054 803 quod
1072 746 1139 785 oum
1163 725 1211 786 hic
1229 732 1375 803 cernatur,

206 817 337 877 nondum
356 816 461 891 opinor
480 816 553 874 satis
574 814 770 875 inlustratum
789 817 842 875 est.
876 815 974 874 Aedes
997 816 1188 875 intraverunt
1207 814 1329 876 Orestes
1347 822 1379 877 et

206 906 350 983 Pyladcs3
378 904 409 962 in
427 904 518 963 ianua
540 903 662 963 Electra
684 903 809 980 adparet
833 905 922 964 choro
946 905 1016 980 quid
1039 904 1122 964 intus
1145 908 1255 981 agatur
1276 925 1381 965 narra-

206 998 289 1069 tura;
308 994 412 1053 credas
430 992 577 1052 videreta
593 993 741 1069 virginem
760 994 824 1053 dire
839 993 1052 1068 subridentem,
1071 995 1142 1052 dum
1160 996 1235 1055 ultio
1253 996 1308 1055 liat
1325 1016 1381 1072 per

207 1086 252 1143 tot
270 1103 363 1143 annos
381 1082 468 1143 avide
487 1081 663 1143 desiderata.
696 1084 752 1159 En,
770 1083 936 1143 conclamat
949 1082 1163 1160 Clytemestra:

421 1203 487 1267 αἰαῖ
506 1202 544 1266 ἰὼ
569 1204 675 1279 ετέγαι

420 1292 526 1371 φίλων
545 1291 664 1371 ἔρημοι,
683 1295 749 1356 τῶν
773 1291 806 1354 δ’
828 1291 1043 1357 ἀπολλύντων
1061 1294 1165 1356 πλέαι.

207 1439 283 1509 Quid
307 1439 453 1498 Electra?
491 1439 597 1498 Nonne
625 1440 775 1498 exultabit
800 1439 939 1499 laetitia?
976 1440 1158 1514 Audiamus3
1190 1440 1229 1498 ad
1255 1442 1379 1500 chorum

206 1547 364 1590 conversa:

422 1617 481 1696 βοᾷ
499 1633 546 1676 τι(
565 1612 675 1678 ἔνδον·
699 1612 757 1676 ούκ
776 1611 906 1677 ἀκούετ’
925 1611 951 1676 ὠ
970 1613 1074 1693 φίλαι;

207 1759 312 1837 inquit.
351 1760 395 1817 Ex
413 1777 473 1818 uno
492 1759 636 1819 vocabulo
654 1761 933 1835 perhorrescentem
940 1754 980 1843 78)
999 1762 1135 1822 videmus
1155 1762 1319 1838 viraginem
1338 1762 1379 1819 ad

207 1852 374 1909 extremum
397 1849 513 1908 facinus
537 1851 626 1908 antea
643 1853 797 1924 paratam3
824 1869 885 1909 non
904 1852 999 1914 audet
1013 1851 1119 1911 matris
1137 1870 1245 1910 nomen
1271 1851 1377 1927 eloqui,

207 1939 259 1997 sed
278 1938 462 2014 pronominis
485 1938 606 1998 notione
629 1938 785 1998 indefinita
810 1939 969 2016 signifieat.
1006 1939 1083 1999 Huic
1102 1941 1167 2000 loco
1190 1941 1379 2017 aliquatenus

206 2028 373 2103 comparari
392 2030 512 2104 poterat
531 2027 717 2088 Machethiae
735 2028 810 2086 illud

678 2153 736 2211 had
756 2154 794 2211 hc
812 2156 866 2212 not
883 2153 1051 2213 resembled

420 2261 472 2318 my
490 2241 591 2301 father
608 2260 641 2301 as
660 2242 698 2301 he
717 2242 809 2317 slept,
828 2236 844 2300 I
862 2242 922 2302 had
941 2243 1025 2302 done'
1045 2247 1071 2319 t3

207 2376 392 2466 (quanquam
410 2384 500 2461 longe
517 2383 549 2442 id
568 2383 649 2442 aliud
668 2381 746 2459 ἦθοε
770 2384 888 2460 spirare
910 2404 997 2445 nemo
1019 2405 1079 2445 uon
1101 2379 1212 2467 videt):
1239 2388 1291 2446 sed
1314 2406 1382 2463 per-

208 2474 380 2534 versissime
390 2473 470 2536 idem
480 2476 633 2549 comparat
642 2473 781 2533 Wollfius
793 2474 929 2533 versibus
939 2494 958 2532 a
968 2473 1168 2551 Clytemestra
1178 2476 1381 2551 pronuntiatis

210 2564 394 2636 ree—768,
413 2582 540 2638 quorum
558 2582 699 2623 versuum
719 2562 876 2622 tristitiam
895 2558 1067 2623 simulatam
1086 2583 1150 2624 esse
1173 2584 1240 2623 mee
1258 2565 1381 2640 quidem

208 2652 358 2712 sententia
376 2651 502 2727 adparet
521 2672 545 2711 e.
564 2672 592 2711 v.
613 2654 725 2712 crosa.

421 2772 529 2836 δεινὸν
547 2773 584 2835 τὸ
603 2771 719 2836 τίκτειν
738 2772 932 2848 ἐετίνζούδὲ
952 2773 1012 2852 γὰρ
1032 2777 1135 2837 κακῶς

421 2859 576 2940 πάεχοντι
595 2866 683 2940 picot
703 2859 749 2925 ὧν
768 2863 842 2944 τέκῃ
863 2863 1099 2940 προεγίγνεται;

208 3029 286 3086 quae
305 3028 382 3069 nunc
400 3012 504 3085 aperte
522 3009 694 3083 mentiatur,
714 3028 750 3068 ea
763 3028 824 3067 non
841 3011 943 3084 potest
956 3029 1015 3070 unc
1031 3010 1177 3069 versiculo
1195 3013 1265 3070 ante
1279 3012 1380 3087 poeni-

208 3099 303 3159 tentia
321 3103 469 3158 commota
487 3090 634 3178 fuisset)

297 3188 439 3265 Exposui,
457 3205 534 3263 quae
553 3188 611 3246 huc
629 3206 706 3265 quac
720 3188 791 3247 illue
805 3205 859 3247 nos
875 3188 994 3247 trahere
1009 3188 1181 3266 videantur3
1202 3188 1377 3248 sententiam

208 3278 308 3337 ferant
325 3297 373 3336 me
391 3276 557 3353 peritiores,

281 3466 325 3534 78)
346 3465 385 3520 Of.
406 3464 491 3533 Soph.
510 3463 543 3518 fr.
563 3470 597 3519 58

422 3557 475 3622 βοᾷ
493 3571 547 3608 ‘uc‘
567 3555 590 3607 ὦ
610 3555 736 3608 ἀκούετ’·
755 3557 773 3621 ἢ
794 3555 884 3621 μάτην
901 3556 1052 3624 λύλακτῷ;

421 3627 532 3710 ἅπαντα
549 3627 603 3692 γάρ
621 3643 665 3679 τοι
683 3632 724 3695 τῷ
744 3627 911 3695 φοβουμένῳ
931 3632 1029 3693 ψοφεῖ.

281 3734 325 3802 79)
345 3732 411 3787 Noli
429 3731 500 3786 mihi
525 3731 676 3787 obtendere
695 3731 849 3796 Electram,
874 3749 946 3801 quae
969 3749 1043 3786 nnnc
1067 3732 1257 3799 cohorrescat,
1284 3731 1381 3800 paullo

210 3804 310 3873 postea
329 3803 455 3859 Orestem
475 3803 637 3859 cohortetur
655 3810 761 3873 παῑεον,
781 3803 805 3857 εἰ
823 3806 924 3859 εθένειε
943 3807 1048 3871 διπλῆν.
1073 3803 1158 3857 Aliud
1178 3803 1251 3856 enim
1271 3805 1315 3857 est
1332 3819 1382 3872 per

211 3875 344 3944 exiguum
361 3873 497 3944 temporis
516 3874 639 3945 spatium
657 3873 807 3930 formidine
820 3876 918 3942 teneri,
936 3874 1001 3930 dein
1021 3875 1057 3929 ad
1071 3874 1219 3943 pristinam
1234 3874 1381 3929 saevitiam

210 3947 311 4012 redire,
330 3947 408 4001 aliud
427 3946 560 4014 misereri,
580 3946 645 4001 dein
659 3964 716 4001 non
730 3946 821 4001 solum
836 3948 966 4002 excutere
980 3944 1200 4002 misericordiam
1219 3945 1304 4015 (quod
1320 3946 1382 4000 fieri

209 4020 322 4089 potest),
342 4019 393 4084 sed¹
409 4018 579 4073 descendere
598 4016 634 4071 ad
652 4018 807 4073 mendacia.
