3050 5109
239 205 305 271 250
700 210 825 263 Evaldus
845 210 952 263 Bruhn:

328 376 387 436 Sed
406 378 476 453 quid
495 397 552 453 ego
571 379 689 437 credam
708 380 757 437 vel
775 398 834 437 non
854 380 986 457 credam,
1014 380 1132 438 eeeuius
1155 380 1303 441 interest?
1331 382 1420 459 Age·

239 465 309 523 dum
327 466 442 525 firmius
461 486 640 543 quaeramus
659 468 900 541 fundamentum,
924 468 955 526 in
985 488 1043 545 quo
1066 470 1123 528 niti
1145 470 1262 545 possint
1283 472 1340 530 hee
1364 491 1418 531 su-

238 574 392 630 sprorones.

285 697 378 756 Andr.
397 700 414 757 6
462 695 604 772 Ζηλωτὸ(
623 694 659 758 ἐν
678 716 714 771 γε
733 700 780 778 τῷ
800 696 874 773 πρὶν
893 694 1092 780 Ἀνδρομάχῃ
1112 697 1233 781 χρόνῳ,

460 788 519 846 νῦν
539 782 573 846 δ’
592 782 621 847 εἴ
640 781 692 866 (οὔ
711 782 802 868 Bon)
821 806 868 848 τι(
888 783 977 862 ἄλλη,
998 786 1227 865 δυετυχεετὰτη
1247 790 1326 867 γυνὴ

460 873 538 949 ἐμοῦ
558 874 702 951 πέφυκεν
720 876 740 952 ἢ
760 874 926 953 γενήεεταί
945 895 1024 938 ποτε

321 982 423 1076 ‘Sohol
439 1018 508 1077 Vat.
528 1020 593 1078 Par.
612 1039 640 1093 p.
663 1021 804 1092 124,7ss.
823 1016 901 1093 ἐμοῦ
925 1017 1069 1095 πέφυκεν
1091 1019 1110 1096 ἢ
1130 1018 1295 1098 γενήεεταί
1315 1041 1413 1085 ποτεε
1502 989 1503 998 i

240 1102 272 1166 οἱ
290 1102 456 1180 ὑποκριταὶ
474 1106 532 1167 τὸν
549 1101 665 1183 ἴαμβον
680 1104 912 1181 προεέθηκαν(
897 1107 1135 1183 υπονοήεαντεε
1155 1105 1236 1171 εἶναι
1254 1110 1313 1188 τὴν
1332 1130 1413 1187 γρα-

238 1194 304 1270 φὴν
324 1190 374 1270 δὴ
389 1192 435 1255 τί(
442 1190 514 1272 ’[δ
528 1193 634 1271 ἥτιεΒ
654 1217 711 1258 orn
730 1216 749 1255 a
768 1216 842 1258 oorr
857 1194 1067 1276 Kirohhoff],‘'
1056 1215 1086 1259 ιν
1092 1193 1260 1279 ᾖοῦτω(
1280 1196 1324 1279 [ez
1344 1197 1411 1281 ὁΒ]

236 1278 307 1344 νῦν
318 1283 356 1358 δὴ
371 1280 417 1344 τί(
432 1279 525 1360 ἄλλη’
540 1283 591 1345 καὶ
606 1280 676 1345 ἀντὶ
689 1286 748 1345 τοῦ
763 1287 958 1360 (ογκριτικοῦ
972 1284 1010 1347 τὸ
1025 1285 1254 1363 δοετυχεετάτη
1269 1290 1290 1367 †
1304 1287 1410 1365 φηείν.

327 1374 489 1433 Considera
511 1393 634 1481 quaeso,
660 1375 761 1485 qualia
778 1375 935 1434 iubesmnr
954 1377 1086 1436 eredere:
1114 1379 1275 1439 histriones
1294 1381 1411 1455 opinati

236 1458 317 1522 εἶναι
342 1461 399 1537 τὴν
422 1462 551 1538 γραφὴν
575 1457 626 1537 (δὴ
650 1458 707 1523 τί(’
733 1496 774 1505 -
799 1465 890 1524 velim
914 1466 1049 1538 edocear,
1075 1466 1153 1526 unde
1176 1469 1231 1527 hoo
1254 1488 1292 1544 po
1295 1470 1412 1528 tuerint

237 1545 375 1626 ‘opinari'
401 1582 440 1591 -
465 1555 524 1611 reti
547 1547 777 1626 δυετυχεετάτη
807 1573 859 1628 pro
885 1553 1112 1628 δυετυχεετέρα
1136 1557 1248 1615 dietum
1277 1575 1342 1616 esse
1367 1590 1409 1599 --

236 1641 322 1716 quasi
342 1642 419 1699 nihil
437 1641 477 1700 sit
496 1640 656 1716 proclivius
674 1642 713 1699 ed
732 1642 944 1716 suspicandum
963 1662 1053 1718 quam
1071 1645 1267 1720 comparativi
1286 1666 1410 1707 munere

235 1730 322 1805 fungi
350 1731 563 1805 superlativum
592 1763 637 1770 -
664 1750 786 1792 versum
810 1731 983 1790 adiecerunt
1011 1764 1047 1772 —
1075 1733 1162 1810 quasi
1191 1735 1242 1794 illo
1271 1754 1409 1808 concesso

235 1814 465 1893 δυετυχεετὰτη
490 1819 550 1879 diei
571 1838 658 1894 posse
687 1840 741 1896 pro
770 1818 999 1895 δυετυχεετέρα
1025 1841 1085 1881 non
1113 1824 1245 1897 potuerit
1270 1824 1409 1900 intellegi

234 1925 352 1967 versus:

498 1997 557 2056 νῦν
576 1995 614 2072 δὴ
634 1992 680 2056 τί(
699 1991 780 2071 ἄλλη
800 1993 1028 2073 δυετυχεετάτη
1048 1997 1141 2074 γυνή;

236 2138 358 2196 Mentiri
377 2158 453 2214 eum,
473 2141 524 2216 qui
537 2140 613 2199 talia
626 2141 712 2199 nohis
726 2142 879 2216 imponere
893 2144 1026 2217 conetur,
1040 2141 1180 2200 auderem
1195 2143 1301 2215 dicere,
1316 2145 1407 2203 etiam

233 2227 259 2284 si
275 2227 480 2286 testimonium
501 2248 561 2288 non
580 2228 706 2289 adesset.
739 2230 835 2306 Atqui
853 2228 947 2290 adest.
980 2230 1139 2305 Leguntur
1159 2232 1287 2290 enimin
1308 2233 1406 2292 codiee

233 2316 380 2375 Vaticano
401 2317 496 2376 eidem
515 2319 615 2377 versui
635 2317 787 2393 adscripta
805 2311 939 2400 haeo¹¹):
959 2313 1001 2398 (p.
1019 2321 1091 2392 124,
1107 2314 1140 2395 2)
1157 2365 1163 2377 .
1179 2368 1185 2379 .
1201 2368 1207 2381 .
1225 2317 1310 2381 οὕτω
1330 2317 1404 2395 γρά-

233 2421 307 2479 φων
332 2399 400 2464 εἷπε
425 2402 482 2465 τὸν
502 2403 614 2480 ἕτερον
632 2406 698 2466 τῶν
718 2403 777 2467 δύο
797 2403 912 2482 crixum
931 2403 1090 2480 περιεεὸν,
1114 2404 1325 2483 ἐκδεχόμενος
1347 2407 1404 2469 τὸν

233 2494 324 2567 νοῦν,
344 2494 403 2553 νῦν
422 2489 450 2553 δ’
470 2489 563 2555 εἴτι(
583 2490 677 2569 ἄλλη,
696 2490 767 2555 ἀντὶ
786 2497 844 2556 τοῦ
863 2492 907 2556 ὡ(
926 2492 1012 2555 οὔτι(
1032 2490 1128 2569 ἄλλη,
1152 2497 1296 2572 δυετυχώ
1315 2497 1403 2573 γυνή,

233 2578 261 2642 εἰ
281 2580 320 2657 μή
340 2599 386 2641 τι(
406 2582 532 2659 θελήεοι
547 2580 728 2645 ἐκδέξαεθαι
747 2582 786 2644 τὸ
805 2582 865 2659 οὐχ
885 2579 1111 2659 ὑπολαμβάνω,
1131 2580 1158 2644 εἰ
1178 2580 1240 2660 ἄρα
1258 2604 1304 2646 τι(
1323 2586 1401 2662 γυνὴ

233 2666 411 2744 ἀθλιωτέρα
431 2669 491 2745 μού
511 2669 602 2733 ἐςτιν.
639 2674 760 2750 Exque
780 2675 923 2748 efficitur,
947 2693 1023 2749 quae
1042 2692 1120 2732 nuno
1142 2677 1284 2753 volgatur
1306 2677 1402 2749 lectio,

233 2779 299 2819 eam
318 2761 375 2820 soli
393 2762 579 2821 coniecturae
594 2763 784 2838 grammatici
803 2763 928 2821 alieuius
948 2762 1059 2832 deberi,
1079 2782 1169 2838 quam
1187 2764 1264 2824 alius
1283 2768 1317 2824 ut
1335 2786 1401 2840 pro·

231 2849 406 2909 habiliorem
440 2851 592 2927 redderet,
625 2853 693 2911 dolo
725 2852 805 2910 malo
837 2851 1024 2911 accusaverit
1051 2851 1136 2911 hist'
1099 2856 1225 2928 triones,
1256 2854 1351 2913 tradit
1338 2858 1400 2912 tum

230 2940 331 2996 autem
350 2958 415 2997 esse

505 3046 565 3106 νῦν
583 3045 621 3120 δὴ
641 3042 687 3105 τί(
707 3040 788 3120 ἄλλη
807 3041 1036 3122 δοετυχεετάτη
1056 3047 1136 3123 γυνὴ

505 3132 584 3209 ἐμοῦ
603 3133 748 3210 πέφυκεν
766 3133 785 3210 ἢ
805 3131 970 3211 γενήεεταί
988 3154 1080 3208 ποτε;

320 3275 384 3341 Iam
391 3296 462 3336 vere
472 3296 532 3336 non
544 3278 607 3336 sine
616 3277 731 3336 ratione
741 3297 760 3336 a
770 3297 818 3336 me
829 3280 1022 3337 statutum'
987 3300 1024 3338 un
1035 3281 1139 3381 opinor
1151 3281 1399 3356 etApollodorum
1421 3302 1426 3311 ·

230 3364 351 3440 ineptae
379 3366 566 3425 coniecturae
593 3367 681 3425 fidem
710 3367 968 3426 adstruoturum
959 3388 990 3426 1n
1019 3369 1217 3443 suspicionem
1243 3369 1399 3429 adduxisse
1502 3375 1503 3390 ³

232 3454 318 3512 hist'
281 3456 393 3512 trrones
417 3456 448 3513 et
471 3454 575 3529 decept
576 3475 627 3513 um
650 3458 730 3514 certe
753 3456 846 3515 fuisse
865 3456 1047 3532 Didymum,
1064 3458 1136 3515 dum
1159 3458 1196 3516 de
1216 3477 1264 3517 νν.
1283 3460 1346 3518 356
1370 3462 1400 3517 et
1502 3463 1503 3472 ’

231 3545 294 3601 379
324 3561 360 3600 ee
387 3543 491 3601 seribit
519 3562 595 3618 quae
624 3562 714 3621 supra
742 3546 876 3617 exhibui,
905 3546 1045 3605 omnino
1073 3549 1191 3605 autem
1219 3547 1398 3606 interdum

228 3632 487 3707 grammaticos
506 3635 649 3692 veteres
668 3652 751 3692 usos
772 3653 849 3694 esse
870 3634 1114 3693 histrionibus
1138 3636 1258 3695 eodem
1284 3636 1397 3710 mode,

229 3723 268 3778 ut
287 3739 351 3779 nos
371 3720 507 3779 utimur
526 3715 835 3798 ‘interpolatore'.

319 3808 464 3867 Videmur
481 3811 567 3869 nohis
587 3811 647 3869 iam
664 3831 765 3870 carere
779 3830 867 3886 posse
882 3810 1052 3870 coniectura
1065 3811 1211 3871 Friderioi
1224 3813 1395 3873 Heimsoeth

226 3897 347 3972 prolata
370 3898 402 3955 in
425 3898 484 3957 ind.
504 3900 605 3960 seholl.
624 3901 717 3958 Bonn.
737 3919 809 3958 sem.
828 3899 888 3957 hib.
910 3894 1039 3963 1873l11:
1064 3900 1115 3976 qui
1137 3902 1213 3960 illud
1236 3902 1395 3962 rectissime

229 3986 323 4044 sensit
341 4005 400 4045 non
418 4006 506 4062 posse
525 4007 602 4063 quae
620 3989 651 4046 in
671 3989 791 4048 scholiis
814 3988 1020 4047 tribuerentur
1042 3989 1249 4068 histrionibus,
1272 4010 1305 4050 re
1327 4010 1396 4050 vera

229 4074 328 4133 omnia
352 4076 390 4133 ab
413 4076 451 4134 iis
473 4077 609 4153 profecte
632 4095 710 4153 esse,
734 4077 814 4136 idem
837 4096 905 4137 eum
927 4096 987 4137 non
1005 4080 1130 4138 auderet
1147 4080 1283 4140 diffidere
1299 4099 1395 4158 gram·

319 4320 363 4380 11)
381 4299 524 4370 Invenitur
543 4314 642 4369 similis
659 4317 806 4372 notulam
820 4319 916 4374 eodioe
931 4319 1080 4388 Marciano,
1099 4337 1155 4387 qua
1172 4320 1302 4376 adhibita
1319 4322 1394 4377 resti-

227 4384 284 4442 tuit
302 4402 336 4441 ea
353 4384 513 4442 Dindorfius
532 4404 603 4455 quae
623 4405 675 4459 ego
696 4388 818 4446 exhibui.
