3050 5109
388 256 630 313 Lucubrationum
648 256 861 328 Euripidearum
880 256 976 327 capita
994 258 1106 313 selecta.
1268 255 1333 319 313

164 423 275 503 ῥύγχει
294 420 434 503 φορβάν;
453 422 541 501 παρὰ
559 422 597 486 τὸ
616 421 785 502 Εὐριπίδου
804 422 837 488 ἐξ
857 419 1069 501 Ἀνδρομέδα(
1083 419 1232 487 ‘Auteinoi
1247 424 1332 502 κήτει

159 510 299 593 φορβάν’
323 511 367 575 ωε
386 509 612 590 Ἀεκληπιάδηε
635 512 676 576 τὰ
700 513 831 593 μηδέπω
855 509 1051 591 διδαχθείεηε
1074 516 1130 592 τῆε
1152 511 1331 594 τραγῳδία(

157 602 421 681 παρατιθέμενοε,
445 599 489 663 ωε
513 601 564 665 καὶ
586 602 624 665 τὸ
648 599 697 665 ‘cd
721 601 782 680 γὰρ
806 604 906 664 ταῦτα
929 599 1035 664 πάντα
1058 602 1109 664 καὶ
1127 600 1165 664 τὸ
1183 605 1258 684 τῇδε
1278 602 1330 665 καὶ

157 691 195 755 τὸ
225 689 324 756 κεῑεε’
352 689 439 769 παρὰ
463 690 500 753 τὸ
523 690 558 754 ἐκ
581 693 646 754 τῶν
670 691 801 769 μηδέπω
825 692 1031 768 διδαχθειεῶν
1054 692 1229 755 Φοινιεεῶν
1254 711 1330 769 φηει

158 779 299 845 ’κάκεῑεε
319 780 370 843 καὶ
388 779 426 843 τὸ
445 783 554 857 δεῦρο,
579 782 618 859 μὴ
639 777 735 844 δόλοτ
754 800 800 843 τι(
819 777 854 863 ᾖ’
875 780 926 843 καὶ
944 777 1029 842 ὅλωε
1048 781 1132 843 πολὺ
1151 779 1238 857 παρὰ
1256 783 1330 844 πᾶει

157 871 195 934 τὸ
221 873 378 933 τοιοῦτον.
416 872 484 932 Non
502 872 621 931 dubitat
640 865 830 953 Zieliriskius,
853 873 926 949 quin
943 891 975 931 re
993 892 1066 933 uera
1084 871 1236 949 Euripidis
1253 873 1330 932 illud

158 962 360 1039 designaverit
378 961 608 1038 Aristophanes:
626 963 738 1022 multas
756 962 891 1038 profecto
909 962 1094 1021 inveniemus
1112 961 1283 1038 inrisiones,
1302 963 1329 1022 si

90 1099 94 1108 .
157 1054 282 1129 propter
308 1070 449 1111 numeros
476 1055 647 1110 communes
676 1055 708 1110 et
734 1069 828 1110 unum
854 1050 1046 1127 vocabulum,
1079 1070 1200 1110 sensum
1226 1054 1328 1110 autem

157 1158 280 1217 prorsus
295 1139 446 1201 diversum
462 1159 511 1199 eas
526 1143 661 1200 statuero
674 1140 786 1200 licebit.
820 1139 997 1217 Quanquam
1011 1141 1067 1199 hoo
1076 1158 1119 1200 -ne
1132 1141 1197 1216 ipse
1211 1141 1331 1216 quidem

156 1230 267 1307 premit
285 1222 475 1306 Zieliriskius3
496 1229 689 1305 Asclepiades
707 1230 830 1289 inrideri
844 1229 1018 1306 Euripidem
1037 1230 1123 1304 dicit;
1146 1248 1266 1290 necesse
1284 1235 1331 1289 est

157 1319 292 1396 potuisse
316 1337 385 1379 eum
408 1318 544 1396 inrideri,
568 1337 640 1395 ergo
659 1318 852 1378 Andromeda
870 1314 1011 1397 (cumque
1034 1338 1069 1378 ea
1088 1318 1203 1378 Helena
1227 1320 1331 1379 eodem

159 1428 218 1485 quo
237 1408 292 1466 illa
309 1426 386 1467 anno
406 1400 507 1488 docta)
526 1411 596 1467 ante
615 1426 641 1467 a.
661 1409 724 1467 415
745 1408 857 1483 scripta
875 1413 931 1469 est.

248 1497 322 1555 Mihi
342 1499 415 1557 hacc
434 1496 664 1573 argumentandi
681 1497 759 1556 ratio
779 1501 814 1555 ut
831 1516 910 1557 noua
927 1498 971 1556 ita
988 1498 1109 1557 minime
1127 1498 1247 1557 videtur
1264 1517 1330 1572 pro·

159 1587 265 1667 banda.
303 1585 494 1661 Asclepiades
518 1585 694 1661 Euripidem
717 1585 841 1645 inrideri
863 1587 940 1663 volt3
965 1586 1042 1645 alius
1066 1588 1117 1662 qui
1140 1586 1206 1663 quis
1229 1587 1331 1660 fuerit,

161 1694 216 1735 nos
236 1674 359 1734 definire
377 1694 438 1734 non
455 1693 629 1751 possumus,
647 1675 713 1735 fieri
731 1675 788 1734 hoc
806 1694 895 1751 posse
912 1679 1014 1752 negat,
1032 1676 1103 1751 quia
1121 1676 1241 1736 fabulae
1259 1676 1331 1735 illae

159 1764 339 1841 Euripideae
357 1768 428 1840 post
445 1765 579 1824 fabulam
596 1763 849 1839 Aristophaneam
869 1765 973 1824 doctae
993 1765 1061 1826 sint.
1093 1765 1156 1825 Nos
1173 1765 1249 1824 nihil
1268 1784 1327 1825 om·

43 1926 47 1932 ν
156 1854 227 1914 nino
256 1854 401 1913 habemus
429 1872 488 1929 quo
512 1853 701 1930 singulorum
722 1857 879 1912 auctorum
901 1853 991 1913 fidem
1014 1855 1229 1930 examinemus,
1255 1854 1331 1913 nihil

158 1962 210 2002 cur
228 1933 446 2023 dubitemusffl)
466 1942 502 2002 de
525 1942 583 2000 fide
607 1943 682 2015 eius,
707 1943 759 2018 qui
782 1941 892 2001 diserte
916 1960 934 2002 a
957 1961 989 2002 se
1007 1943 1136 2003 alterum
1154 1943 1331 2020 profiteatur

159 2032 323 2107 emendari,
342 2031 402 2090 nisi
420 2031 499 2108 quod
518 2031 598 2090 illius
617 2049 726 2092 nomen
743 2032 895 2109 novimus,
913 2031 1003 2091 huius
1023 2051 1084 2092 non
1100 2033 1182 2094 item.
1219 2031 1332 2103 Quodsi

159 2121 222 2179 illio
235 2121 456 2197 Aristophanes
475 2121 525 2180 vel
539 2120 754 2181 Eratosthenes
773 2120 985 2198 nominaretur,
1003 2123 1107 2198 paullo
1127 2141 1158 2181 se
1177 2122 1265 2181 aliter
1283 2139 1331 2181 res

158 2211 296 2287 haberet3
318 2203 504 2289 (quanquam
521 2210 572 2271 uel
589 2210 634 2269 ita
652 2210 831 2270 scholiastae
849 2210 959 2269 dicenti
978 2230 1028 2270 eos
1047 2230 1163 2271 errasse
1180 2213 1212 2270 in
1230 2211 1332 2287 aliqua

158 2305 200 2373 r'e,
220 2300 291 2376 quia
311 2299 447 2358 fabulam
465 2300 584 2358 doctam
604 2317 671 2359 esse
686 2298 893 2359 existimarent
911 2319 945 2360 eo
960 2296 1103 2377 ternpore,
1121 2319 1180 2376 quo
1199 2301 1330 2360 nondum
1449 2335 1452 2340 ·

157 2391 237 2448 esset
262 2388 364 2464 docta,
388 2388 578 2465 arrogantius
601 2389 849 2464 responderemus
872 2390 928 2448 hoc
950 2388 1018 2449 ideo
1041 2409 1146 2450 verum
1169 2409 1228 2449 non
1256 2408 1330 2466 esse,

158 2477 230 2554 quia
248 2477 391 2538 credibile
409 2496 470 2540 non
489 2480 568 2538 esset
582 2477 684 2538 doctos
699 2478 910 2554 grammaticos
924 2477 968 2538 ita
982 2470 1126 2558 errasse):
1145 2498 1224 2538 nunc
1237 2478 1330 2538 nomi-

159 2570 251 2626 natur
270 2568 358 2626 homo
378 2570 413 2627 ut
431 2567 506 2626 satis
525 2567 681 2643 antiquus,
704 2568 748 2626 ita
771 2570 835 2626 tam
856 2567 982 2627 ridiculo
1007 2568 1106 2627 studio
1125 2567 1268 2645 abreptus
1287 2569 1331 2626 in-

158 2657 285 2716 risiones
299 2656 477 2732 Euripideae
493 2657 653 2734 statuendi,
671 2659 705 2715 ut
719 2657 778 2716 huc
791 2656 911 2716 trahere
924 2675 985 2716 non
998 2658 1116 2717 dubitet
1129 2657 1240 2717 Avium
1255 2658 1331 2716 illud

158 2746 289 2810 secundo
308 2746 373 2806 loco
391 2746 423 2804 in
442 2746 561 2805 scholiis
580 2746 739 2822 prolatum.
768 2745 895 2822 Reliqua
912 2745 1029 2806 facilius
1049 2746 1141 2806 etiam
1158 2748 1353 2806 reiciuntur.'

156 2834 317 2911 Euripides
339 2836 372 2895 in
393 2834 509 2894 Helena
528 2827 636 2915 (835):

370 2976 438 3037 ndu
457 2971 516 3037 οὖν
536 2970 710 3052 θανούμεθ’
729 2972 810 3038 dcte
830 2975 881 3038 καὶ
900 2971 997 3039 δόξαν
1017 2977 1141 3053 loteba
1166 2974 1169 2981 '

158 3120 375 3196 Aristophanes
394 3119 425 3178 in
445 3120 595 3196 equitibus
615 3112 717 3202 (80s.)

742 3257 826 3322 ἀλλὰ
844 3258 966 3336 εκόπει,

371 3345 462 3411 ὅπωε
481 3345 521 3410 ἂν
540 3345 755 3427 ἀποθάνωμεν
775 3346 1001 3426 ἀνδρικώτατα.

159 3493 305 3567 Apertum
337 3494 457 3556 videtur
489 3486 649 3553 Zieliriekio
687 3493 725 3552 ab
749 3494 953 3572 Aristophane
988 3494 1117 3553 describi
1144 3494 1331 3572 Euripidem3

159 3601 224 3640 esse
252 3582 345 3658 igitur
374 3585 443 3641 ante
466 3582 585 3641 Lenaea
608 3601 633 3641 a.
658 3584 723 3641 424
747 3581 894 3642 Helenam
916 3584 1043 3642 doctam.
1084 3583 1272 3644 Probabilius
1296 3603 1332 3643 er

160 3671 293 3746 equitum
311 3672 363 3730 illo
382 3691 472 3732 versu
491 3672 648 3730 concludas
663 3674 731 3750 post
744 3692 770 3730 a.
786 3674 851 3731 424
865 3672 1010 3731 Helenam
1026 3673 1143 3731 doctam
1158 3691 1235 3748 οντες
1254 3692 1331 3749 quae

160 3759 186 3817 si
209 3762 298 3819 antea
317 3760 404 3821 docta
427 3761 548 3833 fuisset,
572 3761 601 3821 h.
619 3761 638 3820 1.
657 3761 805 3819 inrisurus
825 3762 883 3820 fuit
900 3761 1132 3838 Aristophanes,
1156 3780 1234 3821 nunc
1252 3763 1331 3821 enim

158 3867 219 3906 non
242 3848 364 3925 inridet3
392 3850 499 3925 quodsi
522 3849 669 3910 voluisset
696 3851 839 3923 inridere,
868 3850 916 3909 hic
943 3869 982 3910 no
1026 3850 1123 3925 magis
1146 3870 1236 3927 quam
1259 3852 1331 3910 alibi

161 3929 210 4015 (cf.
221 3937 363 4014 Ribbeck,
382 3939 510 3998 Acharn.
521 3959 549 4014 p.
563 3930 688 4020 neom.)
708 3940 868 4015 migrasset
881 3869 1054 4014 primahm
1068 3940 1210 4015 parodiae
1224 3941 1331 4019 legem,

251 4162 297 4231 63)
315 4161 380 4216 Non
398 4164 492 4231 potest
511 4163 547 4217 ad
567 4179 601 4218 ea
619 4161 788 4217 Zielinskius
806 4177 968 4231 provocare,
988 4180 1060 4232 quac
1078 4163 1113 4218 de
1128 4161 1285 4232 Calligenia
1303 4166 1332 4219 et

160 4231 260 4287 Nestis
278 4235 359 4288 acute
379 4245 446 4288 sane
464 4234 634 4303 disputavit3
652 4250 743 4302 neque
762 4233 837 4288 enim
856 4233 926 4287 haec
944 4234 1002 4288 ullo
1022 4252 1085 4294 cum
1103 4234 1155 4289 illa
1168 4234 1331 4303 quaestione

160 4303 273 4359 vinculo
296 4305 445 4359 coniuncta
468 4308 539 4359 eunt.
577 4306 645 4361 Inde
669 4307 704 4375 (si
727 4304 812 4358 modo
836 4305 914 4359 recta
938 4307 1015 4372 sunt,
1044 4322 1115 4374 quae
1144 4306 1192 4362 ille
1220 4308 1331 4376 statuit)

162 4375 235 4429 nihil
253 4377 379 4444 sequitur
397 4375 452 4431 nisi
464 4375 626 4445 Antiopam,
645 4376 668 4431 ei
686 4376 771 4432 modo
790 4374 820 4430 in
835 4375 991 4446 Calligenia
1009 4376 1091 4432 irrisa
1110 4376 1155 4445 ait,
1174 4393 1230 4432 non
1248 4396 1331 4449 posse

160 4449 233 4503 inter
251 4449 406 4518 postremas
425 4446 566 4520 Euripidis
585 4447 695 4504 fabulas
713 4448 850 4505 recenseri
871 4449 900 4520 (l.
920 4449 938 4503 l.
957 4468 984 4520 p.
1007 4453 1077 4519 107).
