3050 5109
377 232 617 287 Lucubrationnrn
635 230 852 301 Euripidecrnm
870 229 966 300 capita
984 230 1098 287 selecta
1259 231 1322 293 271

148 404 210 464 Ubi
233 422 300 463 cum
328 403 401 461 haec
430 401 493 460 lere
515 399 692 462 invenisset:
721 401 808 480 πεζῷ
833 395 910 480 γόῳ.
943 393 1022 460 ἄνευ
1048 395 1150 459 αὐλοῦ
1172 397 1192 475 ἢ
1217 395 1325 473 λύραε.

148 490 201 552 καὶ
220 488 308 567 παρὰ
322 487 483 565 (οφοκλεῖ
501 486 537 549 ἐν
556 483 664 550 Αἴαντι
684 484 812 569 Λοκρῷ·
832 483 895 548 ‘rui
914 485 994 551 πεζὰ
1012 485 1063 549 καὶ
1082 482 1253 563 φορμικτά’
1272 486 1325 548 καὶ

148 578 243 643 πεζαὶ
263 577 298 640 δέ
317 596 402 640 τινεε
421 575 543 653 ἑταῖραι
563 576 713 651 λέγονται
732 575 764 638 αἳ
785 575 882 653 χωρὶε
897 573 1039 653 ὀργάνου
1059 573 1103 637 εἰ(
1117 574 1157 637 τὰ
1171 573 1324 652 ευμπόεια

148 669 318 746 φοιτῶειν,
337 689 391 745 per
409 668 555 728 incuriam
572 688 633 728 non
651 669 748 726 solum
768 668 867 727 locum
884 668 970 726 illum
990 667 1201 745 Sophocleum,
1220 687 1325 727 verum

148 761 243 818 etiam
262 779 299 819 ea
316 757 484 834 descripsit,
503 776 580 835 quae
599 758 813 833 sequebantur.

241 848 471 908 Phoen.1067:

260 932 345 1009 Ἀγγ.
368 931 429 1010 ὠή,
452 931 498 994 τί(
521 930 558 995 ἐν
577 931 704 994 πύλαιει
724 929 883 1008 δωμάτων
901 935 1004 1010 κυρεῖς

364 1019 509 1097 ἀνοίγετ’
528 1017 719 1099 ἐκπορεύετ’
738 1017 898 1097 Ἰοκάετην
917 1018 1034 1099 δόμων.

363 1109 425 1188 ύιή,
443 1106 520 1187 μάλ’
539 1107 629 1173 αύθιε
648 1109 700 1173 διὰ
720 1113 841 1187 μακροῦ
860 1110 927 1186 μέν,
951 1105 1027 1171 ἀλλ’
1046 1108 1133 1187 ὅμωε

240 1205 326 1264 1070
363 1196 476 1274 ἔξελθ’,
500 1195 646 1274 άκουεον,
666 1197 802 1262 Οἰδίπου
821 1199 929 1276 κλεινὴ
949 1196 1065 1276 δάμαρ,

364 1284 474 1365 λήξαε’
493 1285 643 1366 ὀδυρμῶν
662 1286 826 1364 πενθίμων
844 1307 880 1350 τε
900 1287 1056 1366 δακρύων.

237 1433 316 1504 Quid
339 1434 398 1493 sibi
414 1433 509 1493 vellet
526 1433 603 1492 illud
621 1429 674 1493 διὰ
696 1433 819 1507 μακροῦ
838 1430 910 1511 μέν,
929 1426 1005 1492 ἀλλ’
1023 1427 1123 1508 ὅμωε,
1145 1433 1324 1510 intellegere
1390 1500 1395 1510 ,

146 1543 302 1601 nunquam
319 1524 412 1599 potui.
442 1522 580 1582 Iocasten
599 1523 678 1582 enim
697 1523 819 1583 solitam
838 1541 903 1582 esse
923 1523 1003 1583 domi
1018 1542 1050 1582 se
1063 1523 1215 1582 continere
1228 1541 1325 1598 neque

147 1613 249 1673 adhuc
267 1614 427 1689 quisquam
451 1611 528 1670 dixit
544 1630 642 1688 neque
660 1612 762 1687 potuit
781 1614 853 1688 apte
871 1611 930 1670 dici
948 1612 984 1670 de
1003 1631 1052 1686 ea,
1071 1631 1160 1688 quam
1180 1612 1244 1671 sine
1261 1612 1326 1671 ulla

145 1721 240 1762 causa
257 1700 289 1760 in
308 1702 429 1780 epordio
448 1702 646 1776 prodeuntem
665 1702 754 1761 domo
773 1701 946 1760 viderimus.
979 1701 1044 1759 Iam
1062 1719 1135 1761 vero
1154 1701 1234 1776 apud
1252 1701 1324 1760 Din-

146 1791 278 1851 dorfium
297 1791 334 1849 ad
353 1811 380 1850 v.
392 1791 477 1849 1073
497 1789 681 1866 adscriptum
699 1790 836 1849 videmus
855 1789 910 1848 hoo
925 1789 1084 1849 scholium:
1104 1785 1143 1849 ού
1158 1781 1230 1870 (sie)
1245 1782 1324 1864 παρ’

148 1875 270 1940 ἀεπίδα
289 1877 435 1954 βέβηκαεε
455 1875 491 1937 ἐν
510 1879 578 1938 coir
597 1878 732 1939 nolluit
752 1873 961 1953 άντιγράφοιε
980 1874 1020 1939 ού
1034 1876 1167 1954 φέρεται
1186 1874 1325 1952 δετίχαε

146 1964 255 2030 οὗτοί.
285 1968 367 2038 Quae
385 1967 540 2027 adnotatio
557 1986 636 2027 nunc
653 1968 792 2043 intellegi
810 1967 923 2043 nequit,
942 1986 1009 2027 cum
1028 1968 1204 2038 nesciamus,
1222 1971 1325 2026 utrum

146 2058 281 2117 defuerit
306 2077 334 2117 v.
355 2059 439 2117 1073
464 2048 668 2136 an1074.²⁶)
705 2056 767 2116 Sub
795 2056 880 2115 textu
908 2061 1010 2116 autem
1037 2058 1112 2116 haee
1138 2056 1324 2115 Dindorfius:

148 2141 202 2208 ‘od
222 2141 380 2220 γράφεται
401 2140 420 2204 δ
439 2141 544 2218 ετίχοε
558 2147 587 2204 Α
602 2137 805 2226 (Vaticanus),
828 2149 889 2222 qui
910 2146 996 2206 haee
1018 2147 1130 2205 verba
1153 2145 1325 2222 adiungit

149 2236 260 2296 schol.
291 2237 375 2295 1069
403 2238 485 2310 post
512 2228 635 2295 ἔξελθ’
664 2228 848 2295 ὀκουεον’.
891 2235 986 2312 Atqui
1013 2235 1135 2295 Arsenii
1162 2234 1324 2295 auctoritas

149 2325 234 2384 nulla
243 2327 299 2398 est,
314 2323 443 2382 Parisini
452 2324 521 2399 plus
530 2325 620 2398 valet,
634 2325 716 2384 nullo
731 2327 834 2383 tamen
844 2325 933 2384 modo
947 2324 1324 2401 aequiparatVaticanum3

154 2415 232 2472 unde
248 2413 395 2472 traditum
414 2431 481 2472 esse
500 2413 704 2472 concludimus
723 2412 755 2473 in
773 2413 858 2472 libris
877 2414 1028 2490 plerisque
1042 2414 1171 2473 defuisse
1185 2434 1213 2474 ν.
1230 2415 1325 2474 1070.

155 2502 216 2572 Quo
235 2493 392 2583 omiss0²⁷)
415 2502 476 2561 leni
495 2503 662 2562 mutatione
681 2504 862 2562 sententiam
885 2522 962 2577 quae
984 2504 1106 2579 probari
1128 2503 1225 2579 possit
1243 2521 1324 2561 recu·

149 2591 337 2666 perabimus:

365 2675 412 2753 ὠὴ
432 2673 508 2754 μάλ’
526 2627 626 2740 αύθιε·
643 2676 695 2739 διὰ
709 2680 831 2755 μακροῦ
845 2678 912 2756 μέν,
931 2673 1006 2740 ἀλλ’
1025 2675 1112 2754 ὅμωε

365 2767 468 2842 λήξειε
487 2763 636 2844 ὀδυρμῶν
655 2765 818 2844 πενθίμων
837 2786 870 2829 τε
891 2766 1047 2844 δακρύων.

148 2910 350 2980 Quaerentem
382 2930 435 2970 cur
466 2911 615 2986 placuerit
645 2912 856 2988 interpolatori
883 2932 1005 2972 versum
1042 2908 1192 2986 inserere,
1226 2930 1324 2972 moue-

147 3000 250 3060 bimus
269 2998 319 3059 Or.
341 3002 426 3060 1023

363 3102 472 3182 οἰκτρὰ
496 3103 553 3181 μὲν
575 3100 649 3166 τάδ’
673 3101 750 3168 ἀλλ’
774 3103 875 3184 ὀμωε,

147 3249 204 3309 ubi
222 3249 339 3308 addidit
356 3248 535 3326 nescioquis
553 3251 632 3309 hunc
650 3252 833 3312 versiculum
852 3245 934 3313 certo
953 3253 1134 3312 scholiorum
1153 3251 1324 3310 testimonio

148 3339 333 3399 refutatum:

365 3424 477 3502 φέρειν
496 3422 618 3503 ἀνάγκη
638 3425 695 3488 τὰ(
714 3427 919 3505 παρεετύιεαε
938 3427 1045 3505 τύχαα

149 3552 244 3611 Andr.
265 3553 343 3611 814:

263 3660 326 3718 811
366 3653 456 3732 μόλιε
476 3657 510 3719 δέ
531 3675 581 3719 νιν
596 3658 752 3721 θέλαυεαν
772 3656 901 3737 ἀρτῆεαι
921 3660 1017 3737 δέρην

365 3742 504 3821 εἴργουει
523 3745 666 3823 φύλακε(
686 3749 791 3824 δμῦιεε
809 3745 845 3810 ἔκ
863 3767 898 3811 τε
918 3751 1022 3812 δεξιά(

363 3832 438 3911 ξίφη
458 3833 712 3913 καθαρπάῑουειν
731 3837 959 3915 ἐξαιρούμενοι.

365 3921 451 3984 οὕτω
471 3919 543 4000 μέγ’
563 3922 664 4000 ἀλγεῖ.

149 4046 364 4054 —.——-———

207 4115 285 4239 ·026)
305 4112 494 4169 Kirohhoffius
519 4132 575 4183 qua
598 4116 634 4170 de
653 4133 738 4171 causa
760 4118 797 4172 ud
815 4137 841 4173 v.
862 4123 931 4173 1076
954 4118 1008 4174 hoc
1026 4120 1180 4188 rettulerit,
1202 4137 1258 4176 non
1281 4120 1323 4174 in-

150 4202 213 4238 vem
236 4226 242 4238 .

239 4256 285 4324 27)
304 4254 401 4310 Fletus
420 4257 610 4313 videturesse
629 4259 665 4314 ad
684 4261 832 4330 exemplar·
845 4279 871 4317 v.
890 4262 1000 4318 Herael.
1021 4268 1087 4316 643:

311 4350 362 4399 643
399 4346 423 4399 ὠ
442 4350 529 4414 μῆτερ
548 4348 644 4403 ἑεθλοῦ
663 4351 762 4403 παιδόε
781 4351 937 4420 Ἀλκμήνην
956 4353 1042 4421 λέγω,

400 4420 490 4471 ἔξελθ’
504 4421 622 4474 ἄκουεον
641 4424 739 4476 τούεδε
758 4424 911 4489 φιλτάτου(
929 4426 1037 4489 λόγουε.
