3050 5109
236 198 301 262 266
693 199 818 253 Eveldue
836 198 945 253 Bruhn:

235 385 342 425 senum
360 386 426 427 esse
444 366 572 426 Ioannes
587 367 714 445 Kvicele
733 365 888 448 (Berichte
906 368 960 427 der
977 366 1074 426 Akad.
1093 389 1115 428 z.
1136 367 1225 426 Wien
1247 372 1303 441 29,
1329 360 1430 447 259),

234 456 260 515 ie
280 457 392 516 oblitus
412 459 477 515 eret
495 456 602 516 Bacch.
623 458 723 517 1125:

448 579 590 655 λαβοῦαι
608 573 642 639 δ’
660 575 797 640 ὠλέναις
816 574 985 654 ἀριςτερὰν
1005 578 1084 654 χέρα

448 668 632 743 πλευραῑςιν
652 663 804 746 ἀντιβᾶςα
822 669 880 729 τοῦ
900 665 1109 742 δυςδάὶμονος

448 753 655 832 διεςπάραξεν
675 752 777 831 ὦμον,
797 754 858 831 οὐχ
876 748 941 817 ὑπὸ
961 756 1106 832 ςθένους,

448 841 526 907 ἀλλ’
545 842 563 906 δ
583 844 657 908 θεὸς
677 842 848 923 εὐμάρειαν
868 843 1019 907 ἐπεδίδου
1040 849 1158 922 χεροῖν.
1205 899 1207 901 ,

256 972 328 1049 Lyc.
361 974 424 1031 205
451 969 584 1046 ςτερράν
602 968 806 1032 ἐνοπλιοῦςιν
825 966 960 1032 ὠλέναις
980 967 1105 1047 πλάτην

337 1063 423 1120 1183
447 1062 517 1120 ταῖς
537 1056 734 1122 δεςιιοτείαις
754 1056 889 1121 ὠλέναις
909 1056 1104 1135 ὠγκωμένον

234 1196 339 1280 (quam
353 1204 534 1263 locutionem
550 1204 779 1281 eLyeophrone
794 1223 853 1264 non
863 1204 992 1280 proferri
1006 1198 1189 1278 ἀμάρτυρον
1207 1224 1262 1280 per
1279 1223 1315 1263 ee
1331 1205 1426 1264 intel·
1493 1201 1494 1208 '

232 1286 368 1371 legitur).
413 1293 526 1352 Tamen
552 1293 740 1352 Baccharum
772 1293 859 1351 illum
890 1294 989 1352 locum
1020 1293 1182 1352 artificiosa
1209 1294 1425 1369 explicatione

233 1386 357 1442 conatus
377 1385 424 1441 est
442 1380 622 1458 detorquere
640 1382 674 1441 F.
685 1380 721 1440 G.
740 1381 924 1441 Schmidtius
943 1374 1085 1462 (Jahrbb.
1104 1383 1125 1440 f.
1144 1381 1221 1441 Phil.
1242 1384 1299 1456 89,
1321 1379 1423 1462 235):

231 1464 331 1529 ‘Auch
346 1471 411 1529 hier
425 1470 467 1530 ist
479 1490 550 1529 man
565 1471 648 1530 nicht
661 1471 831 1549 geudthigt‚
850 1490 889 1529 en
903 1470 951 1529 die
961 1470 1068 1530 thde
1082 1492 1118 1529 zu
1132 1470 1258 1547 denken,
1280 1473 1424 1531 eondern

231 1560 337 1637 Agaue
355 1560 433 1619 fasst
451 1561 507 1619 mit
525 1561 584 1619 den
602 1559 715 1619 Armen
733 1560 782 1619 die
800 1560 897 1619 Liuke
916 1559 968 1619 dee
988 1559 1111 1636 Schnes,
1130 1581 1181 1618 um
1199 1560 1247 1619 die
1269 1560 1422 1621 Schulter

231 1643 460 1709 auszureissen?
489 1650 634 1709 Videmus
653 1652 800 1726 quantum
819 1650 920 1709 veleet
939 1649 1088 1708 sententia
1106 1649 1328 1725 praeiudicata.
1361 1651 1422 1710 Sed

231 1738 309 1798 illud
326 1739 407 1799 recte
425 1738 539 1816 requiri
556 1741 665 1816 potest,
689 1743 724 1798 ut
741 1740 880 1815 pluribus
900 1740 1042 1814 exemplis
1066 1758 1114 1798 ree
1133 1742 1196 1797 tem
1214 1738 1295 1797 mira
1316 1741 1420 1817 qualis
1494 1787 1495 1802 ι

233 1832 280 1887 est
294 1828 422 1887 duorum
436 1829 640 1888 membrorum
653 1820 844 1908 confusio²¹)‚
864 1828 1089 1904 comprobetur:
1108 1848 1136 1887 ν.
1147 1848 1169 1888 s.
1180 1828 1252 1887 Eur.
1261 1829 1316 1889 El.
1329 1833 1419 1890 1023

446 1949 562 2027 λευκὴν
581 1945 704 2029 διήμης’
724 1947 881 2027 Ἰφιγόνης
900 1949 1053 2026 παρηῖδα;

232 2114 292 2154 non
309 2097 429 2171 melam,
449 2096 501 2154 sed
520 2095 630 2155 collum
649 2095 768 2156 discidit
785 2097 988 2173 Agamemn03
1012 2113 1193 2172 quamquem
1211 2096 1294 2157 hunc
1315 2099 1416 2159 locum
1495 2135 1496 2184 p

233 2189 265 2243 et
282 2189 456 2261 corruptum
475 2184 620 2244 iudicavit
636 2184 790 2244 Neuokiue
810 2188 841 2244 et
859 2183 1031 2244 emendavit
1050 2183 1260 2245 Schenkelius:

446 2306 562 2383 λευκὴν
580 2305 707 2384 διήμης’
726 2303 884 2384 Ἰφιγόνης
902 2306 999 2382 δέρην
1019 2304 1117 2383 ξίφει,

152 2453 157 2460 “
232 2452 264 2510 id
282 2453 361 2528 quod
380 2451 425 2510 illi
443 2471 538 2527 poene
557 2455 673 2511 certum
692 2452 792 2511 visum
810 2455 865 2528 eet,
884 2471 944 2511 non
961 2452 1059 2512 visum
1078 2456 1127 2511 eet
1145 2452 1291 2531 Kvicelee

446 2574 562 2652 λευκὴν
582 2570 707 2652 διήμης’
725 2571 883 2651 Ἰφιγόνης
902 2573 1017 2636 παιδὸς
1036 2574 1133 2651 δέρην

233 2700 404 2778 Weilioque

447 2807 562 2884 λευκὴν
581 2804 706 2884 διήμης’
724 2802 883 2884 Ἰφιγόνης
902 2807 998 2884 δέρην
1018 2807 1122 2884 πατήρ

232 2952 479 3028 proponentibus.
508 2952 588 3011 Hlud
603 2971 675 3013 vero
690 2953 825 3028 opprime
842 2953 954 3011 mirum
969 2952 1047 3029 quod
1062 2952 1201 3011 lecunem
1214 2973 1233 3011 a
1247 2925 1412 3030 se'expleri
1464 3027 1466 3032 Α

232 3044 321 3116 putat
339 3041 534 3101 Schenkelius
551 3043 591 3101 ,ed
610 3041 643 3099 id
660 3046 781 3117 tempus
800 3043 1005 3102 oblitteratam
1024 3060 1061 3099 ex
1079 3041 1157 3100 Med.
1178 3044 1279 3101 1148:

447 3164 562 3241 λευκήν
581 3161 612 3225 τ’
631 3160 809 3240 ἀπέςτρεψ’
827 3161 964 3240 ἔμπαλιν
982 3162 1131 3240 παρηΐδα.

234 3308 313 3379 Quid
341 3308 433 3385 ergo?
471 3308 535 3368 Hoc
562 3310 626 3369 loco
655 3309 760 3386 ecquid
786 3329 845 3369 non
869 3308 972 3385 egitur
994 3308 1031 3367 de
1054 3309 1151 3368 collo?
1188 3310 1237 3368 An
1261 3309 1409 3386 expalluit

233 3396 367 3457 Glauce?
397 3396 572 3474 Opportune
591 3399 705 3468 cecidit,
725 3399 805 3474 quod
823 3397 912 3456 huius
931 3396 989 3455 loci
1007 3397 1204 3474 interpretem
1219 3400 1321 3475 ipsum
1335 3417 1409 3457 nen-

233 3487 372 3547 ciscimur
390 3487 579 3564 Euripidem:
597 3487 675 3548 Med.
698 3490 740 3548 30

446 3610 486 3687 ἢν
505 3611 546 3689 μή
570 3630 658 3673 ποτε.
671 3610 832 3687 ςτρέψοιςα
850 3606 1033 3671 πάλλευκον
1052 3609 1149 3685 δέρην

447 3697 527 3777 αὐτὴ
546 3699 627 3776 πρὸς
646 3698 746 3777 αὑτὴν
765 3694 880 3774 πατέρ’
899 3696 1060 3779 ἐποιμῴζη
1080 3696 1187 3774 φίλον.

323 3844 387 3903 Ηοο
405 3845 499 3922 igitur
518 3847 582 3906 loco
601 3846 703 3904 edloto
726 3844 801 3902 nihil
825 3844 934 3918 probet
951 3843 1138 3920 Diudorfiue;
1162 3844 1281 3902 adferre
1306 3845 1406 3900 eutem

233 3936 366 4009 poteret,
386 3935 412 3993 ei
431 3934 636 3994 demonstrare
654 3934 777 3993 volebat
796 3932 908 3992 Graece
934 3932 992 3991 dici
1017 3951 1104 4009 posse
1129 3928 1278 4007 εὐπήχεις
1299 3930 1406 4006 χεῖρας

233 4022 318 4082 Dem.
338 4022 421 4083 Phel.
443 4027 461 4083 2
483 4015 566 4105 (num
585 4041 662 4099 quoe
680 4022 812 4083 fortusse
829 4023 861 4081 in
876 4021 1002 4080 eundem
1021 4021 1110 4081 finem
1129 4022 1273 4081 disseruit
1292 4026 1323 4080 et
1342 4035 1406 4077 con·

322 4249 368 4316 21)
387 4245 514 4302 Membro
528 4246 641 4301 omnino
660 4246 734 4301 iuter
748 4263 777 4300 se
792 4246 934 4302 disiuncta
947 4249 977 4302 et
990 4245 1103 4301 diversa
1116 4245 1250 4299 confundi
1263 4255 1403 4319 nunquam

233 4336 315 4389 poree
340 4319 556 4373 consentaneum
576 4321 630 4385 θοάς
659 4335 715 4373 non
738 4315 856 4373 veniunt
879 4319 909 4373 in
932 4335 1046 4374 censum
1072 4316 1127 4371 niei
1151 4315 1260 4371 vicinae
1284 4327 1404 4382 eorpone

235 4393 332 4460 portes
351 4392 381 4444 et
399 4389 527 4444 confines.
1306 4400 1312 4411 ·
