3050 5109
205 172 272 235 252
667 173 792 229 Evaldus
810 174 918 229 Brubn:

202 356 232 399 τι
251 337 413 416 μέμψητθε
433 346 463 402 ct
482 344 572 404 schol.
587 344 655 404 Par.
670 345 735 404 Ars.
750 365 780 420 p.
795 346 845 417 22,
862 346 880 403 2
896 339 1031 419 ἐξῆλθον
1046 340 1081 403 ἐκ
1098 342 1165 403 τῶν
1184 336 1303 417 δόμων,
1320 338 1389 403 ἵνα

204 427 243 504 μὴ
260 427 419 504 μέμψητθέ
435 449 487 505 μοι
501 451 560 491 non
574 436 640 493 erat
653 434 850 493 recedendum
865 436 903 493 ab
918 452 961 507 eo,
976 434 1054 510 quod
1068 452 1086 491 a
1100 432 1254 493 Dindorfic
1270 451 1385 510 recep·

203 521 268 577 tum
286 520 442 580 confirmat
460 522 548 582 Rhea.
568 523 611 584 50

414 662 536 739 ἤλυθον
554 659 704 740 ἄγγελοι,
723 659 768 724 ῶτ
787 661 909 741 μήποτέ
928 659 992 725 τιν’
1007 661 1052 725 εἰτ
1070 661 1125 739 ἐμὲ
1141 661 1258 739 μέμψιν
1273 658 1380 744 εἴπῃς.

287 790 375 874 1351
396 794 497 851 autern

415 912 536 990 μακρὰν
556 912 596 976 ἂν
614 914 754 979 ἐξέτεινα
773 910 875 977 τοῑτδ’
894 913 1042 977 ἐναντίον

415 1000 554 1078 λόγοιτιν

290 1143 412 1220 μακρὰν
431 1142 471 1207 ἂν
489 1147 552 1225 Ba]
573 1144 694 1223 μακρὰν
714 1141 746 1206 δ’
767 1144 806 1208 ἂν
825 1150 850 1206 li
869 1145 887 1224 ῆ
909 1142 942 1229 (ἢ
961 1142 1001 1224 L)
1021 1141 1115 1222 μάκρ’
1134 1144 1174 1208 ἂν
1194 1148 1213 1206 S
1277 1145 1374 1208 ἐναν-

200 1230 270 1293 τίον
288 1230 351 1313 Ba]
372 1232 502 1297 ἐναντία
521 1238 582 1297 Sb³
601 1233 757 1297 ἐναντίοι(
777 1238 816 1315 Ε,
834 1257 902 1297 cum
920 1238 951 1295 in
969 1238 1059 1297 schol.
1079 1237 1148 1297 Vat.
1167 1238 1236 1298 Par.
1255 1238 1322 1295 Ars.
1343 1259 1374 1313 p.

201 1325 256 1399 81,
279 1327 318 1383 17
344 1326 422 1383 clarc
446 1329 528 1385 extet
550 1325 569 1400 ἢ
594 1321 716 1400 μακράν
740 1319 811 1407 (λῆ
832 1320 921 1400 μάκρ’
941 1317 1008 1406 ἄν);
1043 1322 1144 1400 μακρὰ
1168 1320 1208 1386 ἄν
1231 1325 1376 1388 ἐξέτεινα

200 1406 324 1486 ῥήματα
343 1410 474 1474 ἐναντία
492 1414 597 1475 τοῖτδε
616 1415 684 1474 τοῖτ
705 1410 813 1488 λόγοι(
833 1407 866 1473 Si
879 1416 898 1474 i.
913 1435 937 1475 e.
953 1416 1008 1474 hoc
1026 1416 1091 1475 loco
1109 1416 1264 1492 archetypi
1283 1416 1375 1475 lectio

200 1504 458 1563 commemoranda
476 1507 557 1564 certe
576 1505 669 1564 verbo
689 1508 762 1564 erat.
799 1505 912 1564 Eodem
932 1504 1019 1563 modo
1037 1504 1103 1565 Alc.
1122 1506 1185 1564 479

412 1622 488 1689 ἀλλ’
506 1623 589 1703 εἰπέ,
609 1624 699 1704 χρεία
716 1624 764 1688 τίτ
785 1644 817 1688 τε
837 1625 1006 1689 Θετταλῶν
1026 1623 1127 1702 χθόνα

411 1715 528 1792 πέμπει
548 1716 689 1793 Φεραῖον
708 1712 784 1778 ἄττα
803 1718 980 1793 προτβῆναι
999 1712 1087 1788 τόδε;

201 1859 297 1918 Schol.
313 1860 381 1918 Par.
396 1860 463 1919 Ars.
478 1881 506 1935 p.
523 1863 596 1939 102,
616 1863 657 1919 24
677 1856 767 1935 χρεία
786 1857 832 1919 ric
853 1875 899 1920 ce:
919 1855 1001 1933 εἰπέ,
1026 1855 1072 1919 τίτ
1092 1875 1124 1920 τε
1144 1854 1235 1933 χρεία
1254 1856 1371 1933 πέμπει

198 1949 375 2024 προτβῆναι
390 1947 532 2024 Φεραῖον
546 1944 631 2023 ἄττα,
645 1946 741 2009 πόλιν
756 1946 925 2010 Θετταλῶν
940 1950 1124 2027 suffragatur
1143 1950 1267 2009 alterius
1286 1949 1371 2007 fami-

198 2038 258 2095 liae
282 2029 457 2119 lectioni.¹³)
494 2038 607 2110 Quodsi
625 2039 740 2098 Pherae
763 2039 817 2098 ubi
839 2040 915 2098 sitae
940 2042 1052 2112 essent,
1076 2038 1207 2098 indicare
1227 2038 1370 2097 voluisset

199 2126 371 2202 scholiasta,
391 2128 515 2187 dixisset
533 2123 629 2187 πόλιν
644 2124 824 2203 Θετταλίατ,
839 2148 899 2188 non
914 2124 1092 2187 Θετταλῶν.
1121 2127 1250 2187 Videtur
1268 2129 1370 2185 autem

200 2215 329 2290 suspicio
349 2217 385 2276 de
404 2217 460 2276 hac
479 2237 512 2276 re
526 2217 680 2277 Dindcrfic
699 2219 823 2277 suborta
842 2236 906 2277 esse
925 2209 1098 2294 (adscripsit
1116 2220 1196 2277 certe
1216 2217 1270 2275 hoc
1289 2217 1370 2274 scho-

198 2305 273 2362 lium
291 2305 323 2364 in
340 2309 499 2382 poetarum
518 2307 702 2366 scenicorum
721 2307 768 2366 ed.
783 2301 839 2387 V);
860 2306 960 2367 sedin
979 2309 1065 2365 textu
1084 2300 1186 2379 χθόνα
1204 2305 1333 2381 reliquit.

288 2392 428 2454 Ceterum
455 2415 533 2471 quac
556 2397 584 2455 h.
608 2397 628 2456 l.
652 2400 836 2457 commutata
862 2396 998 2456 ridemus
1027 2391 1115 2468 χθών
1143 2398 1174 2454 et
1201 2389 1306 2467 πόλιτ,
1335 2414 1369 2453 ea

199 2482 318 2558 saepius
331 2485 474 2544 fefellisse
489 2485 680 2545 librariorum
694 2485 881 2561 diligentiam
896 2484 1114 2543 demonstravit
1127 2483 1281 2543 Nauckius
1296 2483 1367 2541 bull.

198 2572 235 2629 de
253 2572 355 2633 l’acad.
375 2573 411 2633 de
426 2573 469 2633 St.
484 2574 687 2652 Petersbcurg
708 2576 848 2651 12,490.
865 2577 915 2650 17,
932 2574 1004 2633 253.
1026 2575 1076 2649 22,
1092 2574 1147 2650 803
1167 2591 1222 2647 ego
1242 2573 1367 2631 fortasse

198 2679 291 2719 unum
305 2665 474 2739 exemplum
487 2663 596 2723 addere
610 2682 742 2740 possum.
766 2664 856 2740 Soph.
870 2663 918 2722 Αί.
931 2665 1040 2723 43438.
1054 2664 1085 2721 in
1099 2661 1184 2721 libris
1198 2661 1367 2721 exhibetur:

412 2782 490 2847 ὅτου
509 2785 613 2863 πατὴρ
633 2786 691 2862 μὲν
708 2782 799 2863 τῆτδ’
818 2781 877 2847 ἀπ’
895 2781 1005 2847 Ἰδαίατ
1023 2785 1142 2861 χθονὸτ

409 2872 449 2936 τὰ
468 2877 581 2952 πρῶτα
599 2870 770 2937 καλλιττεί’
789 2871 971 2950 ἀριττεύτατ
990 2877 1124 2950 ττρατοῦ

410 2962 491 3039 πρὸτ
510 2961 600 3026 οἶκον
618 2962 694 3042 ἦλθε
714 2965 819 3026 πᾶταν
838 2961 985 3026 εὔκλειαν
1003 2962 1128 3040 φέρων;

198 3108 341 3167 scholium
361 3111 463 3167 autern
481 3109 513 3167 in
532 3107 630 3167 codice
648 3108 852 3168 Laurentiano
871 3110 955 3167 extat
972 3103 1043 3168 hoc:
1067 3100 1191 3167 ’louiucz
1213 3101 1306 3167 Ἰδαία
1328 3104 1363 3166 τὸ
1379 3174 1381 3178 Α

198 3191 303 3276 πάλαι,
318 3194 337 3270 ἡ
352 3193 451 3271 Τροία
470 3194 615 3257 ἐκαλεῖτο
635 3192 700 3257 ἀπὸ
718 3198 774 3273 τῆτ
793 3192 875 3272 Ἴδητ
894 3198 952 3257 τοῦ
972 3191 1075 3272 ὄρουτ.
1104 3196 1199 3272 Atqui
1213 3198 1264 3273 qui
1278 3196 1364 3272 scrip·
1431 3275 1434 3281 ³

198 3288 264 3343 tum
282 3286 447 3346 invenisset
465 3280 578 3346 Ἰδαία(
597 3282 722 3361 χθονότ,
741 3288 812 3363 quid
832 3290 898 3346 erat
916 3287 996 3363 quod
1016 3287 1052 3345 de
1070 3287 1158 3344 urbe
1173 3285 1263 3345 Troia
1276 3286 1364 3345 verbo

197 3375 330 3434 diceret?
364 3374 475 3434 Ocni-ra
499 3377 524 3434 si
548 3374 672 3435 extabat
690 3370 801 3436 Ἰδαίατ
820 3371 961 3450 πόλεωτ,
980 3395 1040 3436 non
1057 3376 1157 3450 inepte
1175 3376 1236 3434 tale
1255 3375 1364 3450 aliquid

196 3468 316 3539 poterat
333 3464 524 3524 comminisci.

286 3553 343 3612 Sed
362 3553 547 3613 redeundum
566 3554 660 3613 estin
679 3554 768 3614 viam.
806 3555 870 3614 Ale.
891 3555 976 3613 1024

409 3674 521 3753 δίδωμι
538 3677 634 3755 τήνδε
654 3680 731 3740 τοῖτι
750 3677 947 3754 προτπολεῑν
966 3673 1081 3753 δόμοιτ,

286 3818 483 3894 προτπολείν
507 3817 546 3899 Σ]
575 3818 762 3895 πρότπολον
787 3822 815 3881 S.
854 3821 1022 3881 Scholiasta
1047 3811 1075 3881 si
1100 3820 1297 3895 προτπολεῑν
1322 3821 1362 3878 in·

195 3910 337 3983 venisset,
352 3910 477 3969 dixisset
488 3906 599 3985 δίδωμί
614 3928 661 3971 τοι
676 3907 795 3984 ταύτην
805 3907 926 3984 δούλην
936 3904 1030 3981 εἷναι;
1046 3930 1125 3971 nune
1134 3910 1209 3969 dixit
1218 3932 1247 3986 p.
1259 3913 1329 3986 116,
1343 3913 1361 3968 4

197 3994 308 4071 cibatui
328 4015 375 4058 τοι
399 3996 518 4074 ταύτην
538 3997 658 4076 δούλην
677 3994 771 4074 ἔχειν.
807 3999 850 4057 At
868 4001 935 4075 quis
954 4003 1058 4060 auctor
1077 4002 1124 4059 est
1136 4002 1227 4058 tanta
1245 4000 1362 4059 adcura-

195 4087 277 4146 tione
302 4107 320 4146 a
343 4089 505 4148 scholiasta
523 4090 675 4164 Euripidis
699 4089 792 4148 verba
815 4089 914 4148 verti?
946 4090 1055 4166 Nemo;
1079 4091 1213 4147 attamen
1236 4090 1263 4147 si
1284 4089 1361 4146 aliud

196 4176 354 4237 discrimen
372 4182 493 4252 praesto
512 4197 572 4237 non
591 4181 645 4253 est,
664 4178 702 4236 ad
720 4179 776 4238 hoc
794 4197 848 4237 nos
866 4180 1026 4255 confugere
1044 4180 1111 4255 ipsa
1128 4178 1205 4238 ratio
1223 4179 1314 4237 iubet.

287 4368 330 4435 13)
348 4365 390 4419 De
408 4366 487 4420 πόλιτ
504 4363 635 4420 vocabuli
654 4363 813 4436 significatu
829 4366 867 4421 cf.
887 4366 977 4420 Strab.
998 4368 1058 4420 356.
