3050 5109
218 219 285 282 254
681 219 804 275 Evaldus
824 222 931 274 Bruhn:

218 378 329 466 (562),
350 406 417 446 eum
435 389 552 462 patrem
570 387 714 446 tuendum
734 389 911 463 susceperit,
934 391 1058 463 paterne
1077 391 1205 465 quodam
1225 409 1326 451 amere
1347 392 1409 449 iu-

219 475 326 536 duetus
346 469 476 535 ‘nestrae
495 470 623 550 puellas'
642 496 748 552 parum
768 479 838 553 apte
857 477 930 536 dicit
948 470 1056 554 Oedipi
1073 472 1219 559 fihasW)

309 564 355 623 Ad
375 565 562 642 propositum
580 565 678 626 redeo.
716 567 781 626 Ale.
802 568 866 625 190

569 705 589 782 ἡ
609 706 644 767 δὲ
664 702 861 784 λαμβάνους’
879 707 913 768 ἐς
933 703 1073 784 ἀγκάλας

431 790 583 870 ἠςπάζετ’
602 791 716 856 ἄλλοτ’
735 792 837 857 ἀλλον

220 956 286 997 eum
305 937 384 1013 quod
403 938 423 996 S
442 940 587 1013 praebeat
604 936 641 999 ἐν
660 933 825 1018 ἀγκάλαις,
845 941 934 1017 Hipp.
956 943 1039 1000 1432

543 1079 620 1157 λαβὲ
640 1077 696 1142 ςὸν
716 1076 809 1143 παῖδ’
828 1079 864 1143 ἐν
884 1077 1068 1154 ἀγκάλαιςιν

220 1223 420 1325 epnfirmetur,
440 1194 513 1282 inihi
531 1224 650 1299 quidem
669 1228 704 1284 ut
718 1225 887 1301 Hartungie
907 1229 1060 1284 structura
1078 1225 1175 1286 rarior
1194 1227 1398 1302 praeferenda

220 1307 377 1461 Vldellffin
400 1407 462 1460 tam
482 1398 507 1459 Σ
526 1402 605 1461 inter
623 1405 654 1461 et
673 1402 693 1460 S
717 1422 807 1478 quam
831 1403 909 1461 iuter
932 1402 1006 1462 duas
1030 1405 1172 1463 leetiones
1195 1406 1291 1464 multe
1314 1406 1396 1463 anti·

220 1491 338 1566 quiores
358 1484 523 1570 (testantur
541 1484 668 1570 scholia)
687 1491 910 1550 diiudicandum
930 1496 976 1552 est
995 1493 1071 1552 Med.
1092 1494 1170 1552 487:

433 1629 556 1694 Πελίαν
574 1627 607 1692 τ’
625 1627 795 1708 ἀπέκτειν’,
816 1630 922 1709 ὥςπερ
941 1629 1090 1706 ἄλγιςτον
1110 1635 1220 1694 θανεῖν

434 1719 558 1782 παίδων
578 1716 634 1782 ὑπ’
653 1718 766 1797 αὐτοῦ,
785 1718 891 1783 πάντα
909 1717 943 1781 δ’
961 1721 1085 1786 ἐξεῖλον
1104 1718 1211 1798 φόβον

310 1860 417 1939 φόβον
436 1860 476 1943 Σ]
502 1860 603 1938 δόμον
623 1859 686 1925 Sa1
705 1885 800 1942 marg.
820 1868 910 1925 schol.
929 1866 995 1925 Par.
1016 1867 1084 1925 Ars.
1102 1887 1130 1942 p.
1152 1866 1207 1941 38,
1227 1868 1260 1924 3:
1288 1861 1396 1926 πάντα

221 1947 255 2012 δ’
273 1950 410 2014 ἑξεῖλονῑ
437 1948 507 2012 ἀντὶ
529 1954 588 2013 τοῦ
612 1949 785 2029 ἐπόμθηςα·
804 1950 862 2014 ἐὰν
881 1952 917 2014 δὲ
940 1950 1047 2030 φόβον
1070 1951 1243 2029 γράφηται,
1268 1951 1394 2017 ἐξεῖλον

222 2037 291 2101 ἀντὶ
309 2042 368 2102 τοῦ
388 2040 553 2117 διέφθειρα
572 2040 623 2102 καὶ
641 2038 789 2117 ἠφάνιςα.
826 2044 947 2103 Fortius
972 2063 1004 2102 se
1027 2045 1125 2104 dicere
1144 2045 1279 2103 Medeam
1298 2048 1393 2103 totam

222 2132 323 2191 Peliae
348 2131 467 2189 domum
493 2132 704 2207 exstirpavisse
728 2152 818 2209 quam
845 2137 929 2192 metu
955 2133 1101 2192 liberasse
1129 2133 1265 2192 Iasonem
1295 2133 1393 2207 quivis

221 2221 374 2297 coneedet3
403 2221 539 2296 potuisse
566 2220 642 2279 illud
669 2222 728 2279 diei
754 2240 841 2280 nemo
867 2221 991 2297 negabit
1015 2226 1102 2298 patre
1127 2225 1246 2298 necato,
1273 2220 1391 2280 filiabus

222 2310 321 2385 patria
344 2309 452 2385 pulsis;
476 2310 527 2368 sed
550 2328 588 2368 ne
607 2310 682 2367 illud
701 2310 821 2385 quidem
840 2310 940 2383 uideo,
963 2312 1033 2387 quid
1053 2310 1219 2369 timendum
1237 2311 1330 2369 fuerit
1346 2310 1392 2368 Ia-

223 2398 288 2458 soni
305 2417 434 2458 reverse.
471 2399 540 2457 Non
558 2397 674 2457 timoris
695 2418 779 2474 ergo,
799 2399 852 2458 sed
870 2402 905 2457 ut
923 2400 1118 2458 ulcisceretur
1133 2418 1213 2472 eum,
1232 2418 1287 2473 per
1305 2420 1392 2475 quem

222 2506 314 2563 regne
332 2490 420 2561 pater
438 2486 532 2563 ipsius
552 2487 698 2562 spoliatus
718 2493 807 2563 esset,
828 2487 948 2547 Medeae
967 2488 1082 2547 artibus
1098 2488 1213 2546 Peliam
1227 2488 1294 2548 Iaso
1308 2508 1390 2547 nera-

221 2580 316 2635 verat.

311 2666 451 2724 Externis
470 2665 567 2739 magis
587 2685 675 2741 quam
694 2667 820 2725 internis
839 2667 1007 2726 rationibus
1026 2671 1191 2726 commotus
1210 2666 1275 2726 Ale.
1294 2671 1355 2727 717
1375 2687 1392 2725 a

222 2754 338 2814 Prinaio
357 2755 553 2814 resedendum
573 2755 718 2815 existime
764 2755 813 2814 Ibi
831 2757 910 2815 enim

459 2894 497 2955 Σε
527 2896 637 2971 ςημεῖα
655 2896 711 2971 τῆς
729 2896 795 2971 ςῆς,
816 2890 842 2955 ὦ
861 2890 987 2971 κάιαςτ’,
1007 2890 1146 2972 ἀψυχίας

458 2986 492 3044 S:
527 2980 638 3061 ςημεῖά
656 2979 691 3058 γ’
709 2979 735 3044 ὦ
754 2980 876 3046 κάκιςτε
895 2980 988 3046 ταῦτ’
1008 2980 1156 3060 ἀψυχῖας.

267 3128 332 3188 Iam
352 3130 388 3187 ef.
409 3130 482 3189 304.
518 3124 653 3189 τούτους
672 3122 812 3203 ἀνάςχον
832 3124 987 3189 δεςπότας
1006 3125 1092 3204 ἐμῶν
1111 3124 1220 3204 δόμων

312 3249 400 3326 ἐμῶν
419 3246 458 3329 Σ]
478 3249 544 3310 τῶν
563 3248 649 3325 ἐμῶν
668 3252 688 3310 S

410 3379 471 3436 731
520 3371 607 3435 δίκας
625 3393 659 3437 τε
680 3373 794 3439 δώςειν
812 3380 890 3439 ςοῖςι
908 3380 1071 3465 ιςηδεςταῖςΙ
1090 3374 1136 3440 ἔτι

313 3501 391 3562 ςοῖςι
410 3496 468 3579 aS]
488 3501 568 3561 τοῖςι
587 3502 664 3562 ςοῖςι
683 3502 708 3561 Β

411 3629 473 3686 227
521 3619 547 3684 ὦ
566 3627 625 3687 παῖ
644 3624 787 3703 Φέρητος
803 3622 851 3689 οἷ’
867 3624 1005 3702 ἔπραξας
1025 3624 1184 3704 δάμαρτος
1203 3629 1257 3689 ςᾶς
1276 3625 1388 3704 ςτεμεῖς

314 3751 368 3812 ςᾶς
387 3746 426 3830 Σ]
447 3751 618 3827 ςῆςΡτῆς
637 3752 733 3826 ςῆςΙι

410 3878 474 3937 318
521 3869 595 3936 οὔτ’
613 3873 649 3936 ἐν
668 3872 786 3937 τόκοιςι
805 3878 882 3937 ςοῖςι
901 3879 1049 3953 θαρςανεῖ
1066 3876 1182 3940 τέκνον

314 4002 391 4063 ςοῖςι
410 4001 567 4075 θαρςυνεῖ,
589 3997 704 4061 τέκνον
723 3996 757 4079 S]
777 4001 856 4061 τοῖςι
876 4002 953 4062 ςοῖςι
972 4005 1120 4077 θαμςυνεῖ
1139 4002 1164 4063 Σ

226 4086 277 4174 (ad
292 4110 381 4169 quem
395 4112 423 4151 v.
439 4093 511 4151 227.
528 4092 601 4150 304.
613 4092 674 4150 731
691 4089 825 4150 Prinzius
840 4083 977 4173 adtulit):
996 4113 1093 4153 nonne
1107 4094 1262 4168 probabile
1276 4093 1388 4154 videtur

315 4335 360 4402 14)
381 4332 421 4385 ef.
440 4350 466 4385 τ.
488 4337 596 4386 101άο.;
629 4334 687 4388 άλις
709 4334 817 4400 λόγων·
836 4336 875 4389 ὡς
893 4336 920 4388 οἱ
938 4337 988 4401 μὲν
1006 4336 1204 4402 ἐξηρπαςμένοι
1223 4338 1386 4390 ςπεύδοαςιν·

225 4410 319 4474 ἡμεῖς
338 4407 367 4458 δ’
386 4405 416 4458 οἱ
433 4406 602 4459 παθόντες
619 4406 742 4472 ἕςταμεν.
