3050 5109
191 207 256 271 294
651 202 774 258 Evuldus
792 201 900 258 Bruhn:

192 396 263 438 vero
283 376 327 436 ita
346 376 442 436 sentio
462 367 574 455 (neque
592 390 700 433 novem
718 372 792 432 mihi
805 372 911 433 videor
925 379 1104 438 sententiam
1119 370 1294 458 defendere)
1313 397 1364 439 eos

192 467 312 525 tuntum
329 466 411 525 locos
429 462 609 523 auctoritate
628 481 737 536 curere,
757 464 809 538 qui
828 462 949 525 aliunde
968 468 1030 527 sint
1048 469 1187 545 suspecti.
1213 466 1279 527 Iam
1296 467 1366 528 vide

192 555 299 617 Aesch.
318 554 400 630 Sept.
418 554 498 613 456:

352 675 403 739 καὶ
421 676 460 754 δὴ
480 668 670 752 πέπεμπτ’
691 671 734 737 οὐ
753 671 879 753 κόμπον
898 676 934 740 ἐν
955 681 1065 756 χεροῖν
1084 677 1182 757 ἔχωνς

193 824 378 899 scripserunt
395 819 568 882 recentioris
587 820 712 880 alicuius
731 820 850 896 codicis,
869 823 954 883 cuius
973 842 1082 885 nomen
1096 826 1210 887 frustra
1223 827 1368 903 quaesivi,

194 911 406 972 auctoritatem
425 910 534 971 secuti:

353 1032 404 1096 καὶ
422 1034 461 1109 δὴ
481 1032 699 1110 πέπεμπται
718 1031 844 1111 κόμπον
864 1033 901 1097 ἐν
921 1039 1031 1113 χεροῖν
1049 1034 1148 1114 ἔχων;

194 1182 279 1259 quusi
298 1180 430 1242 Eteoclis
449 1178 548 1240 verbis
567 1177 727 1255 postremis

354 1280 492 1361 κόμπαζ’
511 1279 566 1347 ἐπ’
585 1280 674 1364 ἄλλῳ
694 1283 772 1361 μηδέ
793 1301 844 1359 μοι
864 1281 979 1360 φθόνει
998 1283 1087 1369 λόγῳ

197 1451 257 1493 non
276 1427 355 1492 clo're
375 1431 596 1491 demonstretur
609 1430 753 1491 vanitatis
767 1430 920 1490 notionem
929 1431 958 1490 h.
967 1432 986 1491 l.
1006 1433 1037 1491 in
1055 1433 1107 1491 illo
1126 1426 1249 1506 rouro(
1262 1434 1369 1495 inesse.

198 1516 275 1581 ‘Iuni
284 1522 377 1581 elium
387 1521 434 1580 fac
447 1512 623 1579 minentem'
638 1519 777 1578 nuntium
790 1518 875 1579 iubet
884 1519 1022 1581 Eteocles
1036 1521 1239 1601 perironiem3
1254 1524 1370 1584 dixerat

197 1611 293 1687 igitur
311 1614 401 1671 entes
417 1609 544 1669 missum
563 1627 628 1668 esse
647 1627 730 1687 eum,
748 1607 801 1683 qui
818 1626 878 1668 non
897 1608 994 1670 mines
1014 1611 1110 1670 solum
1129 1630 1222 1672 vanas
1241 1618 1369 1690 gereret.

198 1702 286 1761 Alter
304 1701 381 1760 solet
399 1699 510 1759 adferri
528 1698 635 1758 Aesch.
654 1698 752 1758 Prem.
771 1699 849 1757 833:

357 1816 418 1900 ὑφ’
437 1816 484 1884 ιῙιν
503 1819 538 1883 οὺ
553 1821 706 1897 λαμπρῶς
724 1817 841 1883 κούδὲν
860 1818 1058 1898 αἰνικτηρίωε

358 1907 654 1988 προεηγορεόθηεὴ
675 1907 755 1971 Διὸς
774 1909 881 1987 κλεινὴ
900 1906 1014 1989 δάμαρ,

359 1994 509 2076 μέλλους’
528 1993 650 2061 έεεεθ’
670 2032 713 2042 -
733 1992 812 2083 ei⁴³)
830 2000 934 2062 τιῖινδε
952 1997 1133 2077 προεεαῖνει
1152 2001 1184 2063 εέ
1203 2019 1246 2079 τι,

198 2147 306 2208 tertius
325 2146 396 2206 Eur.
415 2145 480 2221 Iph.
499 2143 533 2204 Τ.
555 2146 632 2204 679:

358 2264 443 2331 δόξω
462 2265 499 2328 δὲ
517 2267 586 2328 τοῖς
605 2266 768 2328 πολλοῖει·
787 2265 905 2329 πολλοὶ
922 2264 984 2343 γὰρ
1007 2264 1111 2330 κακοί·

359 2354 501 2434 προδοόι
520 2372 552 2417 (ε
572 2349 725 2435 εῴῑεεθ’
745 2352 843 2417 αὐτὸ(
861 2353 906 2419 εἰ(
924 2352 1032 2419 οἴκου(
1051 2354 1159 2433 μόνοι.

197 2505 259 2565 Ubi
282 2522 335 2563 cur
348 2502 475 2562 Elmslei
498 2499 718 2577 sigmatismum
733 2494 882 2580 εεεῷεθαί
897 2492 927 2561 c’
941 2502 1115 2579 probemus,
1133 2521 1189 2579 ego
1203 2523 1263 2564 non
1276 2504 1373 2565 video.

198 2594 329 2671 Pylades
362 2591 466 2670 quidni
498 2593 599 2666 potest
634 2590 745 2650 dicere:
782 2582 891 2670 ‘(Oum
922 2583 1076 2672 revertor)
1107 2592 1233 2653 videbor
1268 2594 1374 2669 pleris-

198 2703 255 2759 que
274 2686 305 2742 te
324 2682 442 2760 prodito
461 2700 509 2739 me
529 2673 682 2740 servare'?
702 2680 828 2757 quartus
847 2679 980 2739 eiusdem
993 2681 1166 2759 fingmenti,
1185 2682 1221 2741 de
1235 2702 1294 2761 quc
1308 2684 1374 2759 ogit

199 2772 340 2849 Kockius‚
361 2792 389 2832 ν.
408 2770 465 2848 40;
485 2769 623 2846 quintum
642 2768 719 2829 eddo
738 2768 828 2846 Soph.
848 2767 907 2830 00.
923 2770 999 2829 844:

357 2890 504 2971 ἀφέλκο
511 2887 545 2971 μ’
565 2888 592 2952 ὧ
611 2890 774 2970 δύετηνοι,
794 2887 821 2953 ὦ
840 2890 939 2972 ξένοι,
957 2890 1056 2970 ξένοι,

201 3042 318 3101 sextum
336 3038 408 3100 Eur.
426 3039 537 3099 Phoen.
557 3040 634 3099 633:

359 3159 410 3224 καὶ
429 3160 465 3223 εὐ
485 3155 581 3239 Φοῖβ’
601 3155 681 3223 ἄναξ
699 3154 825 3234 Ἀγυιεῦ
843 3156 895 3220 καὶ
914 3159 1057 3236 μέλαθρα
1075 3158 1201 3238 χαίρετε

357 3249 463 3328 ἥλικέε
482 3244 516 3313 θ’
535 3246 628 3326 οὑμοὶ
647 3249 732 3311 θεῶν
749 3267 785 3310 τε
804 3244 947 3327 δεξίμηλ’
966 3245 1142 3325 ἀγάλματα

358 3337 398 3401 οιί
417 3336 479 3416 γὰρ
498 3332 577 3415 οἷδ’,
597 3334 626 3399 εἴ
644 3355 697 3415 μοι
716 3339 903 3414 προεειπεῖν
921 3336 1010 3401 αὖθι(
1028 3334 1107 3402 έεθ’
1126 3336 1221 3417 ὑμᾶς
1240 3359 1328 3404 ποτε.

198 3486 356 3587 Polynices
363 3484 461 3604 44eninr
488 3502 556 3544 cum
584 3481 746 3544 defuturo
770 3483 906 3559 tempore
932 3484 1089 3561 loquatur,
1116 3484 1167 3544 vix
1195 3487 1295 3561 potest
1329 3487 1376 3545 uti

199 3565 458 3740 Ρωθῦθόιόῂχόόῖιόαιιι
476 3663 536 3723 iam
554 3663 653 3723 locum
671 3662 774 3722 nullus
793 3661 898 3723 dubito
917 3661 954 3720 de
973 3661 1277 3723 coniecturscddere.
1313 3664 1375 3723 Diu

201 3755 280 3814 enirn
297 3755 413 3813 frustra
430 3751 576 3831 quaesivi,
595 3771 647 3812 cur
659 3750 767 3812 Aesch.
777 3751 864 3811 Eum.
880 3751 1010 3811 85—87
1030 3752 1101 3811 ante
1117 3754 1159 3811 64
1178 3753 1374 3813 conlocandos

203 3843 391 3904 censuissent
405 3841 568 3920 Burgesius
584 3844 615 3901 et
628 3840 838 3902 Kirchhoffius.
866 3839 946 3900 Nam
959 3840 1041 3916 quod
1056 3842 1186 3918 primum
1204 3843 1374 3920 inspicienti

289 4032 335 4101 43)
355 4030 379 4086 εἰ
397 4029 438 4085 itu
461 4028 639 4100 usurpem,
657 4031 690 4083 ut
708 4028 794 4099 δορὴ.
812 4027 856 4084 Ai
876 4034 928 4085 816

449 4138 465 4192 ό
486 4138 535 4202 μέν
554 4139 675 4205 εφαγεὺε
694 4138 819 4204 ἕετηκεν,
838 4139 856 4206 ᾗ
875 4138 1041 4203 τομώτατοε

448 4208 557 4274 γένοιτ’
575 4210 623 4277 ἄν,
642 4208 666 4263 εἴ
683 4226 725 4278 τῳ
744 4210 790 4262 καῖ
808 4208 959 4274 λογίζεεθαι
978 4211 1069 4277 (χολή.

291 4320 337 4388 44)
355 4316 445 4372 Rectc
463 4314 551 4386 igitur
569 4333 633 4370 usus
650 4313 755 4371 iudicio
774 4314 912 4371 Porsonus
930 4316 968 4371 'od
985 4314 1059 4372 Med.
1075 4323 1127 4373 984
1145 4316 1304 4372 rarissimus
1321 4318 1374 4373 hus

203 4389 335 4447 elisiones
354 4386 434 4459 dixit,
453 4388 623 4443 nontamen
643 4387 811 4443 coniecturis
829 4387 968 4459 expellere
986 4389 1101 4444 conatus
1120 4390 1171 4445 cst.
