3050 5109
236 237 303 300 244
693 227 817 295 Evaldns
835 241 941 295 Bruhnz

324 407 543 484 Perceptiones,
554 427 611 483 quo
622 407 719 467 minus
734 408 850 467 effluxit
863 409 1015 485 temporis,
1031 428 1066 466 ex
1079 427 1138 484 quo
1152 411 1310 484 perceptae
1325 413 1404 483 sunt,

235 515 269 556 eo
296 500 367 554 sunt
389 496 557 556 validiores.
593 495 828 556 Consentaneum
851 500 899 557 est
923 499 1056 571 easdem,
1081 518 1139 574 quo
1163 499 1231 572 plus
1255 499 1404 558 effluxerit

233 585 388 661 temporis,
408 603 442 644 eo
461 584 557 662 magis
571 586 657 661 quasi
670 586 772 663 frangi
787 590 818 646 et
831 586 990 646 debilitari.
1018 586 1084 645 Iam
1098 586 1240 664 delibera,
1255 587 1403 662 quomodo

233 673 1402 752 soleamusindescribendoversari,siarchetypinonsolumsingulavoca·

232 763 329 838 bula,
349 782 454 822 verum
471 763 562 823 etiam
576 764 710 838 singulas
725 764 890 823 sententias
905 765 1180 839 sententiarumque
1199 783 1341 823 conexum
1360 766 1403 823 in-

232 852 425 927 tellegamus:
435 871 542 928 nempe
551 871 611 910 non
622 852 743 929 singula
750 853 904 928 vocabula,
912 854 965 912 sed
975 854 1122 929 singula
1131 872 1182 912 me
1189 853 1289 911 mbra
1299 874 1315 912 e
1325 872 1401 912 com·

232 940 370 1015 pluribus
385 941 538 1001 vocabulis
553 941 717 1017 composita
731 943 837 1002 eodem
851 945 985 1017 tempore
999 943 1030 1000 in
1044 943 1219 1002 memoriam
1233 943 1402 1019 recipimus,

231 1033 354 1105 recepta
366 1030 587 1105 perscribimus.
616 1029 779 1100 Quaerenti
793 1033 902 1103 autem,
922 1032 1068 1106 quomodo
1082 1031 1229 1107 singula
1243 1032 1401 1090 membra

232 1137 422 1177 secernere
437 1120 596 1194 soleamus,
611 1120 688 1178 dirae
702 1119 790 1178 facile
805 1119 935 1179 rationes
949 1119 1150 1195 adparebunt:
1168 1120 1298 1196 primum
1313 1121 1399 1194 enim,

233 1207 259 1264 si
277 1207 343 1265 fieri
360 1209 468 1284 potest,
487 1207 622 1266 membra
640 1227 698 1283 quo
717 1208 834 1267 facilius
854 1209 998 1267 memoria
1011 1212 1176 1284 teneamus,
1195 1228 1230 1268 ea
1251 1209 1398 1285 eligimus,

230 1310 321 1370 quae
344 1314 407 1371 per
426 1315 462 1355 se
485 1297 691 1356 absolutam
716 1297 927 1357 contineant
951 1298 1186 1371 sententiam,
1213 1298 1281 1356 dein
1306 1298 1336 1356 si
1354 1298 1398 1356 ad

230 1384 341 1443 finem
360 1404 487 1444 versus
502 1385 659 1444 alicuius
672 1386 915 1461 pervenimus,
934 1387 1112 1445 malumus
1127 1386 1178 1444 ibi
1193 1387 1399 1445 subsistere

230 1492 336 1548 quam
361 1474 404 1532 ad
430 1492 574 1534 versum
600 1478 814 1549 sequentem
842 1475 1035 1534 remittere
1066 1475 1199 1534 oculos.
1240 1475 1323 1551 Ergo
1349 1477 1400 1550 qui

229 1562 362 1621 carmina
381 1563 534 1639 describit,
557 1563 597 1639 is,
622 1564 647 1621 si
664 1563 730 1621 fieri
747 1566 861 1639 potest,
887 1563 1116 1639 singulorum
1134 1582 1303 1623 uersuum
1321 1567 1400 1622 ter-

190 1717 193 1720 *
229 1652 335 1709 minis
352 1651 498 1728 singula
511 1652 667 1710 membra
682 1652 839 1712 definire
854 1653 1116 1712 existimandus
1131 1656 1195 1712 est.
1219 1652 1283 1711 Hoc
1298 1656 1399 1710 autem

229 1740 281 1815 qui
294 1740 409 1809 fecerit,
424 1742 550 1800 eundem
563 1742 741 1817 plerumque
754 1741 831 1800 illud
845 1760 964 1817 quoque
979 1742 1154 1801 adsecutum
1169 1760 1235 1800 esse
1249 1744 1399 1818 concedes,

229 1829 282 1887 ubi
300 1828 410 1889 videris
439 1862 477 1871 -
507 1834 542 1889 ut
568 1830 599 1888 in
622 1849 681 1889 unc
705 1832 840 1907 exemplo
864 1831 1065 1906 adquiescam3
1093 1850 1189 1906 neque
1217 1831 1296 1889 enim
1319 1832 1399 1905 apud

227 1918 391 1976 Homerum
419 1919 508 1977 aliter
535 1938 567 1977 se
594 1936 643 1977 res
670 1920 763 1978 habet
793 1950 832 1959 —-
861 1919 892 1976 in
920 1919 1073 1979 Alcestide
1101 1917 1265 1995 Euripides
1295 1921 1398 1980 distin·

227 2007 339 2082 guendi
362 2008 517 2083 signorum
538 2007 637 2082 posita
660 2027 726 2067 esse
748 2028 767 2066 a
789 2008 905 2066 Prinzic
928 2009 959 2066 in
988 2007 1058 2067 sede
1082 2011 1182 2068 1:10
1195 2002 1242 2086 ⁰f0,
1270 2009 1300 2065 in
1329 2011 1399 2067 sede

229 2088 356 2173 2:6⁰l0,
375 2096 406 2154 in
424 2097 494 2156 sede
515 2089 669 2174 3:15⁰l0,
688 2098 719 2155 in
738 2096 809 2156 sede
829 2090 982 2176 4:10⁰sa
1001 2090 1264 2175 insede511⁰sffl
1282 2098 1398 2156 insede
1441 2115 1448 2130 ·

227 2175 380 2263 6:58⁰l0.

314 2273 379 2331 Iam
398 2291 469 2333 vero
489 2274 514 2332 si
528 2275 696 2333 membrum
715 2293 731 2332 e
750 2274 955 2349 compluribus
979 2275 1132 2335 vocabulis
1152 2276 1349 2350 compositum
1366 2276 1398 2333 in

226 2362 401 2421 memoriam
419 2363 591 2438 recipimus,
616 2363 680 2421 eius
699 2364 865 2438 particulae
885 2383 944 2439 quo
963 2365 1085 2439 propius
1105 2366 1216 2423 absunt
1234 2383 1253 2422 a
1270 2365 1341 2435 fine,
1363 2384 1396 2422 eo

227 2452 340 2510 diutius
358 2452 503 2510 memoria
521 2455 591 2510 sunt
604 2453 760 2510 tenendae.
789 2452 883 2527 Atqui
897 2454 1111 2528 perceptiones,
1127 2471 1184 2529 quo
1199 2453 1267 2527 plus
1282 2454 1398 2511 effluxit

226 2540 377 2614 temporis,
397 2559 432 2599 ex
450 2559 508 2615 quo
527 2544 683 2616 perceptae
703 2544 789 2614 sunt,
808 2560 842 2599 eo
862 2542 958 2616 magis
978 2541 1182 2600 debilitantur.
1219 2541 1300 2615 Ergo
1320 2561 1396 2617 quae

225 2628 377 2688 vocabulis
396 2630 524 2687 membri
546 2629 672 2688 alicuius
695 2630 855 2705 postremis
880 2630 1063 2705 respondent
1085 2630 1304 2706 perceptiones,
1328 2650 1396 2689 cum

227 2718 333 2776 ceteris
353 2718 512 2778 debiliores
532 2719 602 2795 sint,
620 2717 738 2777 facilius
762 2737 852 2795 quam
871 2722 988 2778 ceterae
1007 2719 1049 2776 eis
1068 2719 1311 2795 perceptionibus
1331 2739 1395 2778 sue-

225 2807 378 2882 cumbunt,
397 2826 472 2882 quae
491 2814 560 2866 ante
578 2807 660 2882 ipsas
679 2811 837 2883 perceptas
856 2809 887 2866 iu
906 2808 1005 2867 animo
1024 2812 1119 2869 erant.
1148 2810 1230 2884 Ergo
1244 2809 1274 2866 in
1289 2808 1396 2867 descri-

224 2895 329 2953 bendis
347 2896 507 2969 postremis
534 2896 661 2955 membri
690 2897 815 2954 alicuius
840 2898 992 2957 vocabulis
1022 2900 1053 2957 et
1070 2898 1188 2957 facilius
1214 2901 1245 2956 et
1272 2898 1395 2974 gravius

225 3001 315 3059 quam
333 2984 365 3040 in
384 2984 490 3043 ceteris
510 3004 653 3045 erramus.

312 3072 413 3131 Facile
431 3092 509 3132 nunc
526 3074 721 3149 explicantur,
740 3092 818 3149 quae
832 3078 991 3149 praeterea
1005 3075 1112 3132 harum
1126 3075 1394 3150 discrepantiarum

223 3162 345 3236 propria
364 3179 429 3220 esse
456 3162 532 3221 vidit
559 3162 808 3222 Wilamowitzius
828 3154 862 3243 (l.
881 3163 902 3221 l.
920 3164 986 3222 490
1005 3162 1072 3220 adn.
1090 3153 1133 3242 1).
1162 3161 1295 3219 Primum
1314 3163 1393 3221 enim

223 3251 254 3308 in
273 3249 396 3308 canticis
415 3251 511 3310 multo
530 3252 629 3310 rarius
644 3269 732 3327 quam
751 3252 783 3308 in
802 3252 929 3310 senariis
948 3251 1153 3310 inueniuntur.
1182 3248 1259 3318 Quid
1278 3251 1393 3327 igitur?

223 3339 415 3397 Membratim
439 3339 565 3398 discindi
587 3343 705 3399 textum
724 3338 951 3422 describendum
977 3358 1074 3398 nonne
1097 3339 1141 3397 ita
1159 3341 1277 3397 tantum
1296 3340 1393 3400 solere

223 3427 297 3504 dixi,
321 3429 346 3486 si
364 3427 451 3486 facile
474 3428 670 3503 intellegatur
688 3447 706 3486 a
730 3424 885 3487 librariis?
922 3427 1018 3502 Atqui
1041 3428 1117 3485 nihil
1140 3428 1262 3488 canticis
1282 3429 1314 3486 in
1332 3431 1394 3488 tra·

222 3517 329 3593 goedia
346 3516 529 3598 intricatius3
556 3518 604 3576 hic
626 3517 720 3593 igitur
743 3516 802 3575 nisi
826 3517 947 3592 singula
969 3516 1115 3574 vocabula
1138 3517 1306 3576 describere
1330 3518 1392 3576 fere

221 3624 280 3666 non
299 3608 440 3681 poterant
458 3606 587 3680 librarii,
608 3624 679 3682 ergo
698 3606 851 3664 erroribus
870 3605 930 3663 illis
950 3604 1049 3663 minus
1069 3605 1190 3664 obnoxii
1208 3609 1303 3665 erant.

311 3694 388 3764 Quid
413 3698 514 3754 autem
541 3696 573 3753 in
596 3712 687 3753 causa
710 3698 769 3770 est,
798 3694 877 3769 quod
904 3712 965 3751 non
993 3693 1073 3768 apud
1101 3713 1203 3752 omnes
1233 3696 1391 3770 scriptores

224 3784 352 3842 similem
370 3784 639 3860 discrepantiarum
657 3782 799 3842 similium
818 3782 934 3857 copiam
951 3782 1141 3842 invenimus?
1169 3782 1254 3843 Idem
1272 3784 1335 3843 iere
1354 3784 1393 3842 ad

222 3874 299 3931 hanc
317 3872 397 3948 quod
415 3874 453 3931 ad
471 3873 555 3931 illam
574 3872 779 3947 quaestionem
797 3871 1025 3945 respondemus:
1044 3876 1098 3931 aut
1117 3891 1152 3930 ca
1170 3892 1247 3948 quae
1261 3876 1391 3932 aetatem

221 3962 293 4021 tulit
311 3962 457 4035 recensio,
481 3961 568 4018 fluxit
587 3980 603 4019 e
621 3959 698 4019 libro
722 3977 756 4017 eo
776 3962 911 4033 tempore
929 3959 1094 4037 descripto,
1116 3981 1173 4037 quo
1192 3961 1323 4020 desierat
1340 3961 1391 4019 ille

221 4051 349 4126 scriptor
377 4051 415 4108 ab
441 4050 611 4109 hominibus
642 4048 771 4106 indoctis
796 4048 947 4125 intellegi,
978 4051 1033 4107 aut
1056 4070 1110 4125 per
1136 4068 1168 4108 se
1194 4068 1286 4125 supra
1310 4049 1391 4125 volgi

221 4140 406 4198 intellectum
421 4136 607 4208 ascendebat.
635 4136 720 4195 Unde
736 4137 815 4211 apud
826 4138 988 4196 Pindarum
1002 4142 1165 4214 poetasque
1175 4138 1391 4197 Alexandrinos

219 4229 294 4286 talia
317 4228 414 4286 rarius
438 4226 565 4286 inveniri
584 4245 642 4284 non
661 4226 818 4285 miramur:
841 4226 997 4303 Lycophro
1021 4227 1241 4302 depingendus,
1264 4245 1325 4284 non
1343 4224 1391 4283 de-

222 4316 398 4376 scribendus
417 4318 493 4392 erat,
514 4333 611 4390 neque
630 4316 727 4375 multo
744 4316 776 4373 in
796 4315 999 4391 Aristophane
1016 4333 1065 4374 res
1084 4335 1116 4374 se
1139 4314 1227 4372 aliter
1246 4313 1390 4392 habebat,

224 4407 275 4481 qui
294 4424 361 4463 cum
380 4404 513 4463 abundet
531 4405 685 4464 vocabulis
705 4406 742 4463 ad
762 4405 942 4463 cotidianum
957 4404 1038 4463 vitae
1057 4423 1142 4462 usum
1162 4403 1391 4480 pertinentibus,
