3050 5109
204 214 270 279 262
662 210 786 265 Eveldus
805 209 911 263 Brnhn:

337 376 512 457 φιλόφρων
531 376 591 454 γὰρ
611 373 837 439 ποτιεαίνουεα
854 374 893 437 τὸ
912 377 1043 452 πρῶτον
1061 370 1198 451 παράγει

339 467 454 546 βροτὸν
474 465 517 530 εἰ(
537 462 655 543 ἄρκυαε
674 461 748 540 dre,

336 556 432 619 τόθεν
451 554 510 618 οὐκ
528 553 611 618 έετιν
630 553 710 630 ὑπὲρ
730 551 849 617 θνατὸν
867 549 1030 616 ἀλόξαντα
1048 555 1167 630 φυγεῖν

205 696 272 783 (ubi
291 703 429 779 equidem
447 720 508 761 non
526 699 756 777 subscripserim
774 699 940 759 Hermenni
958 699 1147 759 coniecturae
1166 716 1273 772 parum
1296 700 1383 755 certo
1494 709 1495 718 ¹

204 793 398 851 fundamento
420 791 548 864 innisae,
572 808 648 865 quae
672 792 720 848 est
738 779 833 869 ὑπὲκ)
854 791 885 846 et
904 789 962 865 Ag.
983 790 1062 863 3593
1086 787 1153 845 add.
1171 786 1278 846 Baoeh.
1299 786 1383 844 868:

505 955 517 978 ι
576 906 660 987 ἡνίκ’
679 907 719 971 ἂν
739 908 885 987 φοβερὸν
903 908 990 990 φύγῃ

577 995 694 1076 θήραμ’
713 995 775 1062 ἔξω
795 999 941 1076 φυλακᾶε

578 1087 763 1152 εὐπλέκτων
782 1086 863 1164 ὑπὲρ
882 1084 1020 1163 ἀρκύων.

294 1237 331 1295 In
345 1236 548 1312 Hippolyto
563 1234 637 1294 certi
650 1233 727 1291 nihil
741 1236 797 1292 est.
821 1231 990 1308 Suspicioni
1004 1236 1104 1291 tamen
1119 1231 1201 1291 terL
1216 1232 1382 1291 obnoxius:

274 1381 337 1437 184
366 1375 443 1439 οὐδέ
458 1362 493 1436 ἐ’
513 1372 636 1452 ἀρέεκει
654 1372 692 1436 τὸ
711 1371 830 1450 παρὸν,
849 1371 888 1434 τὸ
907 1367 941 1432 δ’
959 1367 1044 1433 ἀπόν

294 1480 370 1544 οὐδέ
390 1478 420 1543 ε’
438 1477 561 1558 ἀρέεκει
578 1477 620 1560 Α]
640 1477 737 1542 οὐδέν
757 1475 787 1540 c'
805 1475 927 1554 ἀρέεκει
946 1481 998 1539 ΒΡ
1017 1476 1114 1539 οὐδὲν
1138 1474 1260 1555 ἀρέεκει
1283 1482 1307 1538 L

243 1667 248 1675 ,
273 1611 336 1669 293
366 1604 412 1667 κεί
432 1604 489 1681 μὲν
508 1607 612 1667 νοεεῑε
629 1623 659 1665 τι
677 1604 744 1665 τῶν
762 1600 956 1680 ἀπορρήτων
975 1605 1094 1680 κακῶν,

364 1697 512 1768 γυναῖκεε
531 1692 601 1757 αἵδε
621 1690 862 1768 ευγκαθιετάναι
881 1689 978 1754 νότον

294 1797 534 1875 ευγκαθιετόιναι
553 1797 655 1880 ΑΒΡ]
675 1795 935 1873 ευγκαθίετανται
958 1800 983 1859 L

251 1913 337 1971 1336
362 1904 473 1969 ἔπειτα
492 1903 525 1968 δ’
543 1905 563 1982 ἡ
582 1902 715 1969 θανοθε’
733 1902 898 1983 ἀνήλωεεν
916 1905 997 1982 γυνὴ

365 1993 473 2070 λόγων
492 1995 661 2072 έλέγχουε,
680 1992 760 2057 ὥετε
780 1995 836 2071 εὴν
854 1997 959 2057 πεῑεαι
978 1995 1084 2072 φρένα

294 2102 403 2179 λόγων
422 2102 575 2179 ἐλέγχου(
594 2102 697 2181 ΑΒΡ]
718 2099 828 2176 λόγοιε
847 2098 1016 2180 ἐλέγχουε’
1034 2106 1068 2163 L.

293 2221 592 2309 InAndroinaoha
608 2268 703 2307 unum
716 2248 815 2308 loeum
830 2248 882 2324 qui
896 2247 954 2307 hue
967 2248 1140 2324 pertineret,
1155 2249 1265 2309 inveni.
1284 2249 1378 2319 Quem

206 2344 367 2415 antequam
391 2358 567 2415 proponam,
591 2336 811 2414 praemittenda
836 2337 937 2413 aliqua
962 2341 1032 2397 sunt
1055 2337 1091 2396 de
1114 2337 1247 2397 Palatini
1269 2341 1301 2397 in
1323 2339 1379 2399 hae
1500 2387 1501 2410 3

205 2430 309 2487 sabula
334 2428 574 2504 interpolatione.
616 2427 694 2484 Eum
719 2446 788 2486 eum
811 2426 1059 2486 Wilamowitzius
1085 2429 1245 2502 tantopere
1267 2429 1299 2487 in
1323 2428 1379 2488 hae
1500 2441 1501 2444 ’

206 2517 309 2577 fabula
327 2518 497 2592 discrepare
517 2535 535 2575 a
553 2516 593 2573 L⁰
611 2515 820 2590 intellexisset,
839 2519 874 2574 ut
892 2515 942 2574 vix
959 2519 1051 2575 tenue
1069 2516 1118 2576 hie
1135 2517 1198 2575 illie
1218 2518 1380 2593 vestigium

206 2607 371 2666 eommunis
390 2606 515 2682 originis
534 2606 735 2681 reperiretur,
755 2606 786 2664 et
803 2604 852 2663 hie
871 2608 902 2663 et
920 2605 951 2663 in
970 2605 1076 2664 Medea
1093 2606 1217 2665 fluxisse
1236 2608 1378 2666 statuite

207 2696 308 2756 codiee
327 2697 529 2755 contaminato
549 2714 585 2754 ex
605 2694 625 2752 S
644 2698 676 2754 et
694 2691 733 2770 Σ,
750 2694 795 2752 ita
813 2696 848 2752 ut
865 2694 988 2770 propius
1008 2695 1164 2755 eoeederet
1183 2695 1221 2754 ed
1240 2693 1265 2754 Σ
1289 2715 1377 2774 quem

206 2785 238 2844 in
257 2785 409 2844 Aleeetide
432 2787 464 2844 et
487 2784 662 2861 Hippolyto.
697 2783 815 2843 Nititur
841 2803 878 2843 ea
903 2786 1053 2844 sententia
1079 2784 1208 2862 scholio,
1234 2786 1313 2861 quod
1335 2785 1378 2844 ite

206 2875 351 2950 seriptum
368 2874 399 2932 in
420 2874 462 2932 Po
481 2872 645 2934 invenitur:

296 2993 354 3058 'Ao
374 2992 466 3069 γαίαε
485 2995 605 3072 -τὴν
624 2994 661 3057 ἐν
675 2993 760 3076 Ἀείᾳ
779 2995 866 3069 λέγει
885 2993 1090 3059 ὑποπλακίαν
1104 2995 1213 3074 Θήβην
1233 2994 1238 3075 1
1258 2994 1295 3074 ἦε
1310 2993 1376 3060 Ἠε-

206 3084 285 3147 τίων
303 3083 495 3162 ἐβαείλευεν,
515 3081 593 3146 ἔνθα
612 3083 663 3146 καὶ
681 3084 740 3161 τὴν
760 3087 766 3162 Ι
789 3083 912 3162 Χρύεην
931 3084 982 3146 καί
1001 3085 1059 3162 τὴν
1078 3084 1259 3162 Λυρνηεεὸν
1278 3085 1377 3168 ἐντῷ

206 3178 263 3252 τήε
278 3173 384 3251 Θήβη(
403 3171 504 3254 πεδίῳ
522 3170 696 3251 τάεεουειν,
714 3170 759 3235 ὼε
776 3172 795 3235 δ
816 3172 820 3253 Ι
841 3172 993 3249 Αἰεχύλοε
1008 3172 1201 3251 Λυρνηεείαν
1216 3178 1269 3237 δια
1283 3194 1376 3252 προε-

209 3261 385 3338 αγορεόεαε
398 3263 457 3340 τὴν
476 3259 696 3339 Ἀνδρομάχην
717 3260 722 3343 Ι
742 3262 779 3325 ἐν
793 3265 861 3324 τοῑε
875 3261 973 3338 Φρυξὶ
987 3262 1038 3324 καὶ
1053 3262 1247 3342 Ξενοφάνη(
1261 3263 1377 3342 ἱετορεῑ

166 3371 188 3420 κ
208 3349 421 3428 ἀνδραίμονοε
449 3350 549 3429 αὐτὴν
578 3353 583 3428 Ι
613 3351 727 3427 λέγων.
778 3348 989 3427 Ἀνδρέμονοε
1017 3352 1173 3426 γένεθλον
1196 3353 1376 3431 Λυρνηείου,

208 3439 347 3516 ὅθενπερ
365 3439 486 3518 Ἕκτωρ
507 3445 512 3517 Ι
533 3437 656 3516 ἄλογον
673 3440 776 3518 ἤγαγε
795 3438 904 3517 φίλην.
942 3437 998 3502 εἰεὶ
1017 3440 1053 3502 δὲ
1068 3441 1170 3520 Θῆβαι
1184 3442 1376 3506 ὑποπλακίαι

209 3524 379 3615 αίίγύπτιαι
395 3528 539 3608 βοιώτιαι
562 3530 613 3592 καὶ
631 3530 668 3592 ἐν
687 3530 852 3610 Φθιωτικῷ
872 3529 958 3605 μέρει
977 3529 1118 3607 καὶπερὶ
1137 3533 1195 3609 τὴν
1214 3532 1341 3610 μύκλην.

296 3674 446 3735 Videntur
465 3678 567 3734 autem
586 3675 623 3733 de
642 3674 758 3751 origine
777 3673 867 3733 huius
886 3674 991 3734 scholii
1008 3676 1097 3751 plura
1115 3677 1184 3736 seiri
1202 3696 1299 3753 posse.
1330 3677 1376 3736 In·

208 3766 288 3840 epioe
308 3765 387 3823 enim
405 3765 481 3824 hane
499 3785 526 3824 v.
545 3764 565 3822 l.
584 3761 810 3856 nodaretur
829 3767 999 3839 excerptam
1019 3766 1152 3825 eseholl.
1173 3767 1239 3824 edd.
1258 3767 1375 3825 aDind.

208 3853 265 3930 Ν,
286 3856 588 4017 11ί2λῗήαίαεῆ
609 3935 733 4016 Θηβαία
750 3936 857 4001 πόλιες
879 3941 1004 4002 ΒθΜΤ
1095 3941 1195 4020 λέγει]
1215 3942 1301 4017 λέγει
1320 3945 1375 4020 τὴν

208 4032 240 4089 M
313 4033 332 4089 2
352 4027 549 4107 ἐβαείλευεν]
569 4025 822 4105 ἐβαείλευεεν.
851 4027 1087 4107 Δικαίαρχάε
1107 4049 1221 4108 φηειν
1239 4030 1375 4096 ἐνθάδε

209 4114 438 4194 ἀπόεπαεμά
455 4137 489 4179 τι
508 4115 600 4193 μετὰ
617 4119 689 4179 τοῦ
709 4115 862 4194 Κάδμου
882 4117 1029 4196 οἰκήεαι
1047 4123 1111 4180 ΒΜ
1192 4117 1283 4199 ἔνθα]
1304 4120 1375 4203 ένῄ

209 4209 292 4267 MB?
404 4207 462 4282 τὴν
487 4205 624 4284 Χρόεην]
647 4205 705 4268 τὸν
730 4205 854 4284 Χρόεην
873 4211 905 4268 M
923 4209 981 4285 τὴν
1002 4208 1128 4285 Χρόεαν
1152 4211 1209 4270 GT
1313 4211 1374 4290 καὶ]

875 4308 888 4345 Ε

210 4366 319 4428 δὲκαὶ
343 4367 469 4428 ΒθΜΤ
551 4364 745 4447 Λυρνηεεὸν]
769 4365 974 4445 Λυρνηεὸνθ
1056 4374 1074 4431 3
1099 4367 1293 4446 Λυρνηεείαν
1312 4368 1374 4451 δια]
