3050 5109
206 238 271 304 302
668 236 794 292 Evaldus
811 235 921 291 Bruhnr

206 400 244 490 (Ρ
261 398 354 489 136),
372 407 397 467 is
416 426 484 467 cum
502 424 572 467 vere
591 405 750 466 obumbret
769 406 884 484 oculos,
908 404 981 465 satis
1000 405 1071 480 apte
1090 421 1157 463 cum
1174 405 1262 462 noete
1281 403 1381 477 potest
1444 399 1446 406 '

207 496 382 573 comparari.
427 495 485 555 Hie
512 495 583 572 quid
612 496 669 555 sibi
695 495 791 556 velint
817 495 973 568 tenebrae,
1006 493 1074 552 inde
1100 510 1187 552 nemo
1215 492 1379 566 intelleget.

205 585 273 644 Non
307 589 408 645 autem
431 584 564 646 tenebris
593 584 803 661 circumfundi,
826 584 879 643 sed
905 584 1074 661 nigrescere
1101 581 1277 658 praecordia
1305 580 1381 639 dixit

205 674 383 751 Aeschylus.
421 673 485 733 Iam
504 674 659 734 considera
679 673 750 734 Cho.
773 674 849 735 175:

440 793 533 947 repet
551 795 705 873 προεέττη
725 792 838 877 καρδίᾳ
856 791 1036 858 κλυδώνιον

443 903 482 963 χο
503 905 541 963 ηε

206 1032 236 1090 et
255 1030 341 1090 Eum.
360 1033 438 1091 818:

440 1150 534 1230 κοίμα
555 1154 706 1215 κελαινοῦ
725 1150 863 1231 κύματος
882 1149 996 1228 πικρὸν
1016 1151 1125 1228 μένοες

205 1315 302 1356 nonne
322 1297 479 1373 adparebit
501 1298 685 1374 Aeschylum
703 1297 773 1357 inde
800 1293 923 1371 φρένα(
948 1288 1181 1371 ἀμφιμελαίναε
1210 1292 1380 1370 explicasse,

207 1386 286 1461 quod
305 1386 337 1445 in
355 1405 466 1463 magna
484 1388 576 1446 animi
589 1388 816 1464 perturbatione
835 1386 895 1445 bile
914 1387 980 1444 atra
999 1385 1094 1444 effusa
1112 1383 1199 1460 nigro
1219 1385 1317 1443 colore
1336 1382 1380 1440 in-

205 1474 366 1534 ficerentur
384 1476 578 1552 praecordia?
610 1474 695 1545 Quod
719 1477 745 1535 si
764 1475 813 1536 oui
832 1475 940 1535 mirum
959 1473 1122 1548 videbitur,
1145 1473 1229 1548 legat
1247 1491 1323 1548 quae
1342 1471 1379 1530 de

205 1563 317 1624 morbis
341 1565 410 1624 inde
432 1566 512 1625 netis
533 1566 726 1641 disputantur
744 1565 776 1623 in
795 1582 918 1640 corpore
937 1563 1083 1623 librorum
1101 1562 1381 1638 Hippocrateorum,

206 1672 231 1711 e.
251 1671 280 1728 g.
299 1653 336 1712 de
355 1654 448 1713 morb.
467 1654 490 1730 I,
511 1657 573 1715 269
594 1654 634 1713 K:
662 1654 806 1729 φρενῖτι(
825 1651 860 1713 δὲ
880 1646 944 1712 ὼδε
964 1647 1038 1727 ἔχει.
1070 1647 1109 1710 τὸ
1128 1645 1204 1724 αἷμα
1223 1647 1260 1710 τὸ
1279 1646 1381 1728 ἐντῷ

206 1735 367 1821 ἀνθρώπῳ
392 1741 542 1804 πλείετον
565 1738 777 1819 ξυμβάλλεται
801 1739 896 1817 μέρος
919 1738 1072 1801 revector·
1096 1735 1174 1799 ένιοι
1198 1737 1234 1799 δὲ
1253 1736 1380 1811 λέγοντι

206 1826 243 1889 τὸ
263 1829 336 1890 πᾶν.
365 1824 485 1891 ὁκόταν
503 1827 563 1892 οὖν
582 1829 662 1906 χολὴ
682 1831 843 1906 κινηθεῖοα
861 1827 895 1890 ἐ(
913 1826 970 1890 τὰ(
989 1827 1112 1905 φλέβα(
1126 1824 1177 1888 καὶ
1192 1823 1236 1888 εἰ(
1250 1824 1288 1888 τὸ
1303 1822 1381 1902 αἷμα

206 1915 331 1999 ἐτέλθῃ,
357 1916 510 1995 διεκίνητε
530 1917 580 1980 καὶ
599 1916 744 1996 διούρηεε
764 1916 808 2001 (P)
828 1916 866 1980 τὸ
885 1913 962 1995 αἷμα
980 1915 1016 1980 ἐκ
1033 1919 1089 1994 τῆ(
1108 1912 1252 1991 εἰωθυίη(
1272 1912 1380 1976 (αττά-

206 2002 270 2067 τιότ
302 2025 337 2068 τε
365 2005 415 2068 καὶ
447 2008 583 2086 κινήειοτ
612 2005 663 2070 καὶ
694 2006 889 2084 διεθέρμηνε.
935 2004 1165 2083 διαθερμανθὲν
1193 2002 1228 2066 δὲ
1256 2006 1380 2079 διαθερ-

206 2092 309 2171 μαίνει
328 2094 378 2158 καὶ
397 2094 434 2157 τὸ
454 2092 535 2158 ἄλλο
555 2098 643 2175 κῶμα
661 2098 726 2159 πᾶν
744 2095 796 2158 καὶ
813 2098 1023 2173 παρανοεῑται
1038 2092 1057 2156 ὁ
1072 2090 1243 2170 ἄνθρωποι
1256 2091 1307 2154 καὶ
1322 2090 1382 2155 οὐκ

205 2182 242 2246 έν
260 2181 372 2267 ἑωυτῷ
391 2180 530 2269 ἐςτινῧί)

294 2275 440 2337 Dietionis
464 2276 644 2353 Euripideae
672 2276 734 2337 vim
762 2280 793 2337 et
819 2278 1003 2353 gravitatem
1026 2294 1045 2335 a
1067 2274 1200 2334 librariis
1222 2273 1382 2333 infractam

207 2364 344 2425 existimo
364 2364 432 2425 Tro.
448 2369 526 2427 898:

307 2508 370 2567 895
418 2504 578 2582 Μενέλαε,
598 2502 749 2582 φροίμιον
768 2505 826 2581 μὲν
845 2500 935 2568 ἄξιον
954 2502 1061 2581 φόβου

419 2591 491 2656 τόδ’
505 2592 602 2657 ἐςτίν·
621 2593 657 2657 έν
676 2593 737 2671 γὰρ
756 2594 843 2671 χεροί
862 2591 1058 2670 προεπόλων
1077 2592 1168 2656 (έθεν

421 2681 471 2765 βίᾳ
489 2683 553 2761 πρὸ
571 2685 674 2746 τῶνδε
694 2680 852 2760 δωμάτων
870 2682 1078 2760 ἐκπέμπομαι.

420 2767 499 2848 ἄταρ
521 2806 559 2816 -
576 2771 715 2849 (χεδὸν
733 2771 791 2848 μὲν
810 2768 884 2834 οἶδά
903 2789 950 2834 (οι
970 2770 1164 2848 (τυγουμένη
1179 2804 1220 2814 -

419 2858 507 2938 ὅμως
526 2857 558 2922 δ’
577 2861 701 2937 {pecco
723 2860 892 2939 βούλομαι·
911 2862 1034 2937 γνῶμαι
1052 2857 1136 2923 τίνετ

308 2954 373 3013 900
418 2948 545 3027 Ἕλληει
564 2949 615 3013 καὶ
634 2949 682 3013 cot
700 2953 756 3028 τῆ(
775 2949 851 3028 ἐμῆ(
870 2953 975 3027 ψυχῆς
994 2948 1079 3026 πέρα

206 3094 288 3164 Quae
320 3095 352 3156 in
383 3113 474 3155 causa
509 3095 622 3171 fuerat,
653 3097 688 3154 ut
716 3115 771 3171 per
802 3095 905 3155 decem
932 3113 1025 3156 annos
1052 3095 1209 3155 innumera
1235 3113 1381 3172 perpessu

207 3202 315 3260 aspera
341 3183 448 3244 Graeci
476 3185 679 3260 exantlarent,
706 3186 741 3243 ut
771 3184 1106 3261 fortissimusquisque
1133 3185 1263 3245 barbara
1289 3205 1382 3244 manu

207 3274 320 3332 occisus
340 3273 466 3333 extorris
486 3273 673 3350 sepeliretur,
692 3292 768 3347 eam,
787 3272 858 3332 dum
877 3291 1033 3335 servorum
1051 3274 1083 3336 vi
1101 3277 1132 3334 et
1149 3294 1241 3334 manu
1260 3293 1276 3334 e
1293 3274 1381 3333 domo

206 3362 337 3422 crinibus
356 3361 542 3438 proripiatur
560 3357 648 3442 (881.
669 3358 746 3438 896)
758 3362 875 3423 ’ἀίοοκοι

419 3502 556 3580 (χεδὸν
575 3501 633 3580 μὲν
652 3497 771 3588 onec)
791 3521 839 3566 (οι
858 3503 1054 3582 ετυγουμένη

206 3647 333 3708 fortasse
353 3668 411 3709 non
430 3649 505 3709 mihi
523 3649 580 3710 soli
597 3648 755 3709 ridiculum
774 3649 934 3711 videbitur.
970 3649 1065 3709 Immo
1084 3650 1140 3709 hoe
1157 3648 1223 3726 illa,
1247 3648 1273 3710 si
1296 3648 1380 3726 quid-

207 3757 312 3814 quam,
331 3743 412 3799 certo
432 3738 546 3799 sciebat
563 3738 752 3818 dixeratque,
772 3739 887 3816 siquid
906 3737 1006 3799 rideo:

295 3965 340 4034 54)
360 3961 459 4017 Paullo
477 3962 558 4033 plura
577 3962 685 4017 dabunt
698 3962 820 4031 Lorrius,
839 3962 874 4017 dc
888 3961 1078 4018 melancholia
1090 3964 1152 4019 Par.
1164 3969 1232 4018 1765
1246 3963 1268 4034 I,
1280 3970 1330 4018 193
1341 3981 1377 4019 aa.

206 4033 332 4102 Nescius,
352 4033 387 4089 de
405 4034 515 4089 insania
534 4051 633 4090 eornm.
653 4050 707 4090 sec.
725 4033 814 4089 libros
832 4032 1012 4104 Hippocratis
1030 4052 1058 4103 p.
1079 4040 1120 4090 19.

295 4109 340 4175 οδ)
360 4103 414 4171 oui
441 4106 478 4160 sit
500 4105 629 4162 lectionis
656 4104 780 4161 traditae
808 4123 917 4173 sensus,
944 4106 1028 4161 facilc
1054 4106 1202 4177 intelleges
1230 4107 1266 4164 cl.
1292 4106 1377 4177 Soph.

205 4177 251 4231 Tr·
270 4182 317 4232 43⁸
472 4250 568 4316 τχεδὸν
587 4250 617 4303 δ’
634 4248 778 4315 ἑπίτταμαί
795 4267 822 4303 τι
839 4250 913 4320 πῆμ’
931 4250 1032 4316 ἔχοντά
1049 4267 1105 4315 νιν;

204 4371 277 4480 l<puae
296 4354 372 4441 enim
391 4354 472 4411 anxie
490 4354 652 4427 praesagiat
670 4358 700 4412 et
718 4356 883 4427 suspicetur,
903 4373 937 4412 ea
954 4358 1031 4412 reete
1048 4372 1155 4427 prope
1175 4357 1245 4413 seire
1266 4356 1380 4413 sedicit

232 4443 346 4483 e1anrra.
