3050 5109
659 223 782 280 Evaldns
802 224 908 278 Bruhn:

414 392 464 455 καὶ
485 390 708 471 βαθύπλουτον
727 388 829 469 χθόνα
847 389 898 454 καὶ
913 392 970 454 τᾶ(
984 389 1122 468 Αφροδί-

413 500 470 544 τα(
489 481 679 560 πολύπυρον
698 478 773 544 αῖαν

326 576 392 636 540
413 569 545 634 ἱκνεῖται
564 571 666 634 δὲ...
686 569 771 634 Δῖον
790 566 956 649 πάμβοτον
974 566 1070 633 ἄλεο(

414 661 554 736 λειμῶνα
572 659 794 739 χιονόβο(κον,
813 656 852 722 ὅν
870 655 903 721 τ’
921 658 1090 736 ἐπέρχεται

413 748 515 827 Τυφώ
535 750 630 827 μένο(
649 748 736 826 ὕδωρ
755 748 794 812 τὸ
815 747 931 812 Νείλου
950 745 1055 811 νόεοι(
1074 745 1210 812 ἄθικτον.

200 896 310 957 Verbis
338 895 409 975 διχῇ
432 927 470 937 -
491 889 601 973 ὁρίζει,
629 914 705 972 quae
732 895 848 972 primus
875 895 919 954 ita
941 895 1023 953 recte
1046 894 1206 971 explicavit
1230 894 1372 954 Weilius:

202 980 404 1045 ‘disterminat
422 987 519 1044 terres
537 985 690 1062 oppositas
709 977 830 1065 (Asiam
849 975 883 1043 et*
897 975 1064 1062 Europam)
1089 983 1251 1043 secundum
1274 984 1371 1043 fatum

176 1065 181 1074 ’
201 1077 280 1135 freto
299 1073 451 1134 maritimo
470 1067 629 1133 translato'
654 1072 818 1150 significari
835 1073 1002 1148 Bosporum
1022 1072 1181 1131 Thracium
1205 1071 1372 1132 deliberato

201 1169 359 1242 terrarum,
383 1181 457 1239 quas
481 1166 616 1239 permeat
634 1162 681 1240 Io,
709 1163 812 1222 ordine
839 1161 970 1221 dubitari
989 1179 1048 1220 non
1072 1164 1179 1237 potest.
1216 1162 1281 1220 lum
1300 1180 1371 1222 vero

201 1273 277 1329 quae
300 1253 329 1311 h.
348 1252 367 1312 L
387 1255 656 1313 commemorantur
679 1253 795 1327 terrae,
818 1269 869 1311 eas
893 1251 925 1310 in
942 1251 1121 1311 Prometheo
1144 1251 1259 1310 frustra
1281 1269 1371 1327 quae·

200 1343 311 1419 rimus3
330 1341 415 1417 atqui
432 1340 507 1400 nihil
525 1345 599 1417 erat,
618 1361 671 1401 eur
688 1341 764 1400 alias
783 1342 814 1399 in
829 1340 1020 1417 supplicibus
1039 1343 1129 1417 atque
1147 1340 1179 1399 in
1192 1340 1372 1399 Prometheo

202 1431 371 1507 Aeschylus
386 1432 575 1490 enumeraret
589 1434 698 1507 terras3
718 1429 947 1506 exspectandum
966 1428 1060 1505 igitur
1079 1432 1127 1489 est
1140 1429 1260 1489 easdem
1274 1432 1372 1489 terras

203 1520 294 1580 etiem
312 1520 344 1578 in
361 1520 540 1580 Prometheo
560 1522 807 1580 commemoratas
825 1518 929 1579 fuisse.
968 1517 1060 1594 Atqui
1077 1522 1187 1595 postu.
1200 1520 1262 1579 789

413 1637 493 1704 ὅταν
512 1637 650 1723 περάτῃ(
669 1638 798 1718 ῥεῖθρον
816 1638 958 1717 ἠπείρων
977 1637 1056 1717 ὅρον

414 1729 495 1808 πρὸ(
513 1727 652 1794 ἀντολὰ(
671 1731 851 1807 φλογώπα(
869 1728 1057 1808 ἡλιο(τιβεῑ(

201 1859 338 1938 lacunam
357 1880 459 1938 extare
478 1876 627 1935 intellexit
640 1875 816 1950 Brunclrius,
836 1878 1048 1936 concesserunt
1066 1894 1176 1942 omnes.
1200 1875 1265 1935 Hoc
1278 1875 1373 1954 igitur
1456 1902 1465 1918 =

201 1968 265 2027 loco
284 1968 339 2027 has
357 1970 455 2026 terras
474 1968 721 2025 commemoratas
740 1965 834 2025 fuisse
853 1965 1072 2041 concludemus,
1090 1964 1109 2025 i.
1125 1985 1149 2026 e.
1164 1985 1192 2025 v.
1209 1966 1271 2025 788

414 2084 493 2150 ὅταν
512 2085 650 2170 περάεη(
670 2084 799 2164 ῥεῖθρον
817 2084 959 2164 ἠπείρων
977 2083 1057 2163 ὅρον

201 2235 238 2294 de
256 2233 488 2294 transmittendo
502 2234 636 2309 Bosporo
646 2232 774 2293 Thracio
794 2232 1067 2309 interpretabimur.
1095 2233 1213 2310 Exque
1233 2233 1373 2293 effectum

201 2322 297 2382 estin
316 2342 342 2383 v.
363 2324 427 2383 732
446 2323 483 2383 de
502 2323 606 2383 eodem
625 2322 758 2398 Bosporo
778 2321 972 2400 cogitandum
990 2340 1064 2382 esse.

289 2412 354 2471 Hoc
372 2416 474 2471 autem
492 2412 608 2487 pridem
627 2413 787 2472 senserunt
804 2412 901 2470 multi.
938 2410 1019 2480 Quos
1036 2412 1070 2469 in
1088 2430 1122 2471 eo
1141 2411 1215 2469 mihi
1234 2412 1373 2487 persuasi

201 2520 314 2574 errare,
334 2502 413 2577 quod
432 2501 651 2577 interpretandi
674 2500 802 2576 argutiis
825 2520 841 2559 e
860 2499 960 2560 verbis
986 2500 1213 2575 simplicissimis
1237 2499 1373 2560 λιποῡεα

202 2585 355 2665 Εὐρώπη(
379 2587 480 2651 πέδον
498 2589 626 2666 Bospori
650 2589 769 2649 Thracii
797 2590 948 2649 notionem
972 2588 1078 2648 elicere
1100 2608 1189 2665 posse
1212 2589 1270 2648 sibi
1292 2590 1373 2650 vide-

200 2681 319 2740 bantur.
347 2680 441 2740 Deest
458 2682 560 2739 autem
578 2698 638 2738 non
652 2697 688 2738 ea
706 2680 803 2739 solum
821 2679 912 2749 notio,
932 2678 1030 2738 sedet
1047 2678 1157 2738 iterum
1176 2679 1248 2738 tune
1266 2678 1373 2739 Asiam

201 2769 375 2844 ingressura
403 2787 468 2828 esse
496 2768 621 2829 dicenda
648 2771 713 2828 erat
735 2767 769 2827 Io
797 2772 828 2826 et
852 2767 944 2827 uerbo
972 2771 1053 2827 certe
1080 2769 1371 2850 commemorandum

201 2856 328 2919 Thracio
348 2858 438 2919 etiam
448 2859 583 2934 Bosporo
602 2859 640 2916 ab
654 2876 690 2917 ea
703 2875 811 2917 nomen
826 2855 1039 2916 esseinditum.
1057 2856 1164 2932 Itaque
1173 2857 1212 2917 ab
1222 2857 1373 2934 Aeschylo

200 2946 256 3007 hoo
273 2948 337 3007 fere
356 2947 500 3024 scriptum
519 2947 642 3008 conicio:

668 3069 803 3132 truciter
822 3061 855 3130 δ’
873 3063 1026 3144 Εὐρώπη(
1045 3066 1159 3145 πέδον,

417 3155 483 3241 <oi
502 3155 671 3235 coetui<
691 3154 811 3233 εἴργει
830 3154 1017 3238 Θρῃκίου(
1036 3156 1198 3234 Φρυγῶν
1217 3156 1310 3232 γύα(
1331 3193 1371 3202 -

415 3240 759 3328 perterricrepo
779 3242 1327 3328 ὄνομα(ὸν-τὸδειίτερον>

414 3337 549 3416 ἤπειρον
566 3334 650 3414 ἥξει(
668 3330 804 3398 Ἀειάδα.

202 3483 281 3542 Nam
310 3483 336 3542 si
363 3483 410 3543 eui
439 3482 502 3542 sine
529 3481 610 3541 iusta
636 3498 728 3540 causa
758 3479 792 3541 Io
821 3480 1032 3541 circummeare
1064 3481 1216 3541 videbitur
1247 3486 1374 3558 pontum

203 3572 361 3649 Euxinum,
380 3571 450 3631 dein
472 3571 582 3631 iterum
600 3569 705 3629 Asiam
723 3569 854 3647 ingredi,
877 3569 1085 3630 reminiscatur
1109 3589 1226 3631 errores
1245 3572 1374 3632 describi

202 3662 316 3721 furenti
334 3660 444 3737 virgini
462 3678 481 3719 c
497 3660 612 3719 Iunone
630 3659 814 3736 praefinitos.
842 3658 1085 3719 concludendum
1104 3663 1214 3734 autem,
1233 3661 1286 3736 qui
1298 3661 1373 3721 haec

203 3751 364 3825 scripserit,
383 3751 409 3809 is
428 3753 531 3809 utrum
542 3748 675 3808 Tanaide
694 3767 733 3808 an
746 3748 838 3809 Phasi
852 3748 1106 3809 disterminarerit
1115 3747 1221 3808 Asiam
1234 3753 1266 3810 et
1279 3751 1373 3810 Euro·

202 3859 280 3916 pam,
299 3838 416 3899 definiri
434 3858 494 3898 non
511 3857 607 3915 posse.

291 3927 357 3987 Iam
375 3928 412 3990 cf.
429 3927 466 3987 fr.
479 3930 540 3988 191
562 3947 607 4003 ap.
622 3927 691 3988 Arr.
709 3927 815 4003 peripl.
828 3930 910 4002 pont.
924 3927 999 3986 Eux.
1012 3929 1051 3986 19
1067 3921 1219 4000 Αἰεχύλο(
1234 3924 1270 3987 έν
1284 3925 1371 4004 Προ-

204 4018 295 4092 μηθεῖ
314 4014 460 4096 λυομένῳ
480 4013 537 4076 τὸν
557 4013 655 4078 ceco
674 4011 754 4091 ὅρον
773 4015 829 4090 τῆ(
848 4009 1001 4090 Εὐρώπη(
1019 4013 1071 4075 καὶ
1089 4016 1145 4090 τῆ(
1159 4010 1260 4077 Ἀεία(
1277 4019 1373 4079 ποιεῖ.

204 4104 330 4180 λέγουα
349 4106 430 4180 γοῦν
449 4101 537 4186 αὐτῷ
556 4101 587 4167 οἱ
605 4095 736 4167 Τιτᾶνε(
755 4100 836 4179 πρὸ(
854 4101 1029 4179 Προμηθέα
1047 4097 1097 4165 ὅτι

415 4226 585 4381 ίδώέεέοδ(
596 4277 721 4381 οίίθλου(
739 4314 853 4379 τούεδε
871 4315 1043 4393 Προμηθεῦ

418 4410 533 4486 δε(μοιῖ
551 4426 586 4470 τε
605 4403 708 4472 πάθο(
726 4401 798 4469 τόδ’
817 4402 1030 4483 ἐποψόμενοι·
