3050 5109
388 228 642 308 vLucubraticnum
660 228 873 301 Euripideamm
892 231 988 301 capita
1005 231 1117 287 selecta.
1279 232 1346 295 283

174 395 250 472 ορόε
270 397 289 474 ἢ
309 395 430 459 τέκνων
450 395 650 474 φοβουμένη,
674 402 781 474 postea
803 401 877 460 haee
899 402 1033 461 numeris
1051 400 1128 460 clius
1147 393 1346 481 adaptavit³²)

173 489 251 548 forte
269 489 391 547 fortuna
408 488 611 547 interversor
631 488 752 548 delata?
772 488 867 560 Quale
884 490 997 550 facturn
1016 494 1046 550 et
1067 490 1118 550 Ar.
1133 491 1208 550 Rau.
1224 493 1286 550 786
1298 509 1347 567 se,

174 578 225 636 ubi
244 577 276 636 in
295 577 494 637 Ambrosiano
513 580 608 636 extat:
682 573 698 602 ⁰

357 714 515 794 κάλεγχον
535 715 642 780 αὐτῶν
661 719 719 795 τὴν
737 718 854 795 τέχνην
875 717 1055 800 [ὤφειλεν
1075 718 1200 783 εἰπεῖν

357 805 480 945 ὥκὸπερ
500 806 540 868 ἐν
560 809 610 888 τῷ
631 805 695 888 βίω
715 807 734 885 ἢ
754 805 878 885 ὥεπερ
898 808 938 870 ἐν
957 806 1127 888 άθήναιε]

412 909 420 945 ι
759 945 764 955 .

357 970 423 1032 Ξαν.
460 963 593 1030 κᾶπειτα
619 968 688 1029 πῶε
713 967 752 1031 οῦ
780 966 831 1030 καὶ
857 967 1041 1047 (οφοκλέηε
1068 966 1262 1046 ἀντελάβετο
1289 974 1346 1032 τοῦ

1117 1056 1249 1136 θρόνου;

175 1172 206 1228 et
225 1168 334 1227 Aesch.
354 1165 436 1243 Sept.
457 1168 519 1226 706

357 1305 497 1383 πέφρικα
515 1304 574 1367 τὰν
593 1303 777 1368 ὠλεείοικον

357 1394 433 1459 θεὸν
452 1393 492 1458 οὐ
511 1397 596 1458 θεοῖ(
616 1391 741 1471 ὁμοίαν,

358 1482 392 1566 [ἃ
411 1481 481 1561 γάρ
501 1482 648 1560 νύκτωρ
667 1482 977 1561 παρεκελεύεατο
997 1485 1056 1548 καὶ
1075 1483 1226 1566 γέγονε]

358 1575 525 1650 παναληθῆ
545 1571 750 1650 κακόμαντιν;
840 1601 846 1614 ·

175 1741 248 1798 haec
269 1739 348 1797 enim
367 1736 501 1797 exhiheri
519 1739 649 1797 testatur
668 1737 858 1796 Hermanuue
876 1738 908 1795 in
928 1739 968 1796 18
987 1737 1071 1796 codd.
1089 1737 1311 1798 recentioribus.

270 1828 329 1887 Diu
344 1829 399 1902 est,
418 1847 485 1886 cum
499 1827 677 1886 coniecturis
691 1847 718 1887 ν.
736 1829 798 1887 145
814 1827 1002 1885 attrectetur.
1009 1819 1048 1906 33)
1076 1827 1179 1886 Liceat
1192 1844 1283 1885 unam
1301 1827 1348 1885 hie

176 1917 293 1992 addere,
313 1935 403 1992 quem
422 1916 529 1975 ceteris
548 1917 650 1992 paullo
669 1915 901 1994 probabiliorem
920 1915 1095 1975 existimem.
1126 1915 1254 1974 Videtur
1268 1916 1348 1974 enim

176 2009 300 2083 propter
317 2006 411 2067 uerba
431 2025 506 2082 quae
526 2010 596 2064 sunt

912 2126 951 2190 οὐ
970 2125 1092 2191 θάλποε
1111 2130 1188 2191 θεοῦ

356 2216 415 2280 οὐκ
433 2214 551 2296 ὄμβροε
570 2214 645 2279 οὔτε
664 2211 856 2293 πνευμάτων
876 2215 973 2280 οὐδὲν
992 2218 1113 2280 κλονεῖ·

179 2384 261 2441 certa
280 2380 381 2455 aliqua
399 2379 482 2438 notio
501 2378 672 2456 efflagitari,
692 2398 751 2455 qua
766 2380 933 2439 accuratius
947 2381 1054 2439 horum
1070 2379 1229 2441 verborum
1243 2400 1347 2440 sensus

179 2469 344 2529 definiatur.
382 2468 461 2527 Nam
485 2463 607 2528 θάλποε
631 2469 707 2529 θεοῦ
730 2489 785 2544 per
810 2487 841 2528 se
865 2470 914 2530 vel
937 2470 1064 2530 maxime
1082 2471 1283 2530 neceesarium
1302 2473 1348 2529 est

178 2559 316 2619 omnihus
334 2576 410 2633 quae
425 2561 507 2617 terra
521 2560 728 2634 procreantur,
748 2578 809 2616 non
827 2559 925 2618 minus
940 2553 1070 2636 ὄμβρος
1086 2580 1180 2635 neque
1195 2562 1269 2620 bene
1284 2579 1349 2619 con-

177 2648 289 2706 sultum
313 2647 459 2706 fueritin
483 2646 608 2707 Graecia
631 2647 731 2706 arbori
760 2648 787 2706 si
814 2666 888 2707 aura
915 2648 1070 2726 frigidiore
1097 2650 1245 2724 privetur3
1273 2649 1349 2708 nihil

177 2738 317 2812 denique,
341 2736 425 2795 cuius
446 2737 554 2811 stirpes
573 2739 655 2795 terra
674 2736 878 2809 continentur,
903 2736 1060 2812 adulescit,
1079 2737 1138 2796 nisi
1155 2737 1187 2796 id
1205 2732 1349 2797 ‘mulcent

177 2845 278 2900 aurae,
297 2823 398 2885 firmat
416 2826 470 2901 eol,
490 2826 596 2885 educat
614 2819 732 2885 imber'.
764 2825 807 2884 At
826 2826 954 2886 κλονεῖν
973 2827 1065 2886 verbo
1084 2846 1103 2885 a
1119 2827 1212 2886 nimia
1230 2828 1349 2886 tantum
1379 2851 1381 2854 ·

176 2917 283 2974 harum
302 2934 402 2973 rerum
421 2915 452 2974 vi
465 2917 586 2974 cautum
605 2933 670 2974 eese
689 2915 921 2976 demonstratur.
950 2915 1059 2974 Fateor
1077 2916 1133 2975 hoc
1152 2935 1170 2974 a
1188 2935 1235 2974 me
1259 2917 1349 2975 certis

177 3004 363 3082 argumentis
390 3004 517 3063 refutari
544 3023 604 3063 non
631 3022 718 3080 posse
746 2995 887 3085 (ideoque
921 3023 968 3063 me
1000 3005 1199 3064 coniecturam
1232 3005 1349 3064 additu-

176 3115 243 3152 rum
267 3094 444 3153 coniecturis
468 3084 557 3175 dixi),
580 3094 632 3152 sed
655 3092 729 3151 mihi
751 3094 835 3153 notio
858 3097 920 3153 tam
943 3094 1110 3153 necessaria
1127 3095 1222 3153 multo
1241 3095 1348 3154 fortius

177 3182 369 3259 exprimenda
393 3182 511 3242 videtur
534 3184 709 3260 gaudeoque
732 3203 792 3243 non
815 3204 863 3242 me
887 3184 983 3242 solum
1007 3183 1051 3242 ita
1074 3183 1216 3259 sensisse,
1244 3183 1296 3243 sed
1319 3188 1350 3243 et

179 3271 418 3331 Heimsoethium
438 3272 597 3331 coniecisse
616 3267 810 3345 πνευμάτων
829 3270 924 3346 μένοε
944 3276 975 3333 et
993 3273 1140 3331 Hensium
1158 3267 1349 3346 πνευμάτων

180 3358 264 3437 βίαν;
284 3362 368 3438 bene,
387 3360 446 3420 nisi
465 3361 544 3437 quod
564 3361 632 3420 huic
650 3363 723 3421 vitio
744 3381 804 3420 una
823 3383 890 3421 cum
908 3363 961 3421 illo
980 3362 1094 3422 mederi
1113 3381 1162 3422 eos
1181 3362 1348 3437 oportebat.

179 3450 281 3521 Qualis
300 3453 401 3509 autem
417 3451 602 3509 desideretur
616 3451 709 3527 notio,
729 3450 842 3510 indicat
856 3456 1033 3527 personatus
1048 3452 1135 3510 Plato
1148 3451 1235 3526 Epir.
1247 3453 1310 3511 976
1321 3452 1350 3509 A

267 3711 312 3779 32)
330 3709 374 3763 Ita
392 3708 469 3764 enim
487 3708 629 3764 recordati
646 3708 726 3779 talia,
744 3708 843 3777 qualia
860 3728 886 3779 p.
898 3717 949 3765 232
969 3709 1093 3780 exposui,
1112 3701 1349 3780 praepossionem

177 3781 278 3851 lingua
295 3780 402 3836 Graeca
422 3780 621 3835 abhorrentem
641 3798 698 3836 non
715 3780 887 3836 mirabimur.

269 3858 313 3918 33)
333 3854 410 3908 Unus
434 3852 510 3920 quod
533 3868 586 3921 ego
610 3851 698 3906 eciam
722 3868 737 3906 e
757 3851 966 3907 recentionibue
985 3852 1164 3908 Gohliechius
1184 3853 1311 3922 (Jahrbb.
1330 3854 1350 3907 f.

181 3923 253 3979 Phil.
275 3931 334 3993 123,
354 3927 418 3994 448)
437 3922 553 3979 retineri
570 3924 642 3979 haec
659 3941 743 3994 posse
761 3924 859 3994 putat,
879 3924 902 3978 si
922 3924 1089 3979 scribamus:

390 4033 424 4086 τὸ
443 4034 496 4098 γὰρ
514 4032 614 4087 νεάΖον
632 4032 662 4086 ἐν
680 4035 798 4087 τοιοῖεδε
818 4033 940 4097 βάεκεται

391 4105 500 4172 χώροιε,
519 4103 561 4156 ἵν’
579 4104 667 4157 αὐτοῦ
686 4103 732 4157 καί
749 4121 793 4158 νιν
812 4105 845 4157 οῦ
864 4104 969 4158 θάλποε
988 4108 1054 4157 θεοῦ
1070 4146 1093 4159 ..
1109 4109 1207 4160 κλονεῖ.

179 4211 241 4277 Qua
265 4208 301 4262 de
324 4209 466 4264 sententia
488 4209 640 4277 antequam
663 4209 792 4279 exempla
812 4208 910 4264 adlata
928 4209 986 4264 sint
1003 4209 1080 4264 illius
1099 4214 1186 4266 αὐτοῦ
1205 4211 1270 4279 post
1288 4228 1350 4281 pro-

179 4297 283 4336 nomen
300 4281 486 4342 relativum
505 4279 593 4351 positi
611 4283 640 4334 et
657 4281 815 4349 particulae
838 4282 884 4336 rot
903 4281 946 4336 ita
967 4283 1131 4352 usurpatae,
1154 4283 1186 4336 nt
1209 4281 1258 4336 ille
1281 4282 1350 4349 volt,

181 4352 265 4418 (nolit
284 4354 378 4407 autem
397 4352 507 4408 adferre
526 4369 560 4408 ea
579 4368 650 4420 quae
664 4354 741 4409 Poro.
756 4353 793 4406 ad
808 4353 913 4408 Phoen.
925 4360 993 4409 1373
1008 4355 1037 4409 et
1051 4353 1193 4410 Weiskius
1209 4353 1244 4408 de
1258 4353 1349 4424 pleon.

183 4431 234 4480 120
253 4426 473 4494 congesserunt),
494 4424 633 4495 disputari
652 4440 734 4494 posse
752 4441 834 4493 nego.
931 4477 933 4480 .
