3050 5109
400 190 637 247 Lucubrationum
655 191 871 262 Euripidearnm
890 194 985 264 capita
1002 195 1114 251 selecta.
1278 196 1342 261 293

169 357 356 433 phaustionis
380 359 529 435 epitomen
552 362 584 421 in
602 363 740 422 manibus
763 362 857 423 fuisso
877 357 1138 444 acceperimusss),
1163 365 1195 423 in
1214 364 1343 425 cobano

171 446 328 507 scientiam
346 467 406 508 non
424 449 607 512 mirabimur.
643 451 748 511 Latius
768 455 869 512 autem
891 454 968 512 hano
986 453 1154 513 doctrinam
1172 454 1341 514 manarissc

170 538 376 614 cognoscimus
396 541 426 597 ct
445 559 460 597 c
481 541 570 601 schol.
590 542 662 600 Eur.
683 541 754 600 Hoc.
775 544 837 601 581
859 534 988 623 (παιδόε
1004 539 1169 619 βανούεηε,
1189 538 1342 603 εὐτεκνω-

169 621 269 699 τάτην
289 624 324 687 δέ
345 619 392 705 τε)
413 622 432 686 ό
451 627 583 705 ποιητὴς
602 627 734 692 ἐδέξατο
749 626 829 705 μετὰ
842 632 897 706 τῆε
911 629 982 693 iiii
996 626 1040 691 ὼε
1061 630 1100 706 μὴ
1120 629 1342 707 ἐντεινομένου

169 716 228 776 τοῦ
246 713 294 792 fs,
314 711 434 778 έπείτοι
453 715 563 794 τὸμὲν
582 737 599 780 κ
618 713 754 795 ἄφωνόν
769 717 845 793 έετι,
864 716 902 780 τὸ
922 717 957 780 δὲ
977 737 995 780 ν
1014 715 1229 799 ἀμετάβολον,
1243 716 1340 794 ἀναγ-

169 803 292 867 καεθεὶι
316 801 368 865 διὰ
391 803 429 868 τό
449 806 565 883 μέτρον
589 808 647 870 τοῦ
667 804 788 883 ετίχου,
812 804 933 870 έπείτοι
957 805 985 870 εἰ
1008 807 1129 885 μακρὸν
1152 805 1266 884 έμελλε
1290 808 1342 870 δέ·

169 896 278 957 Ξατθαι
296 891 335 955 τὸ
353 891 401 971 τε,
422 894 552 969 ἐγένετο
572 893 612 957 ἂν
631 893 770 972 δετίχοε
785 893 945 973 εφαλερόε
961 902 991 959 ct
1006 919 1022 959 c
1035 903 1196 975 praecepto
1210 901 1342 976 metrico,

169 986 249 1061 quod
269 986 299 1043 in
314 986 456 1063 Aeschyli
474 986 654 1064 Pindarique
673 985 771 1047 codice
789 987 1039 1065 Hilfcrdingicnsi
1056 993 1209 1066 repertum
1228 989 1340 1065 publici

169 1073 243 1133 iuris
264 1075 334 1133 fecit
352 1075 507 1135 Nauckius
527 1069 610 1157 (Mol.
630 1075 681 1137 Gr.
700 1076 784 1137 Rom.
804 1076 845 1154 Il,
864 1069 957 1157 493);

428 1200 558 1274 πρῶτον
578 1198 635 1275 μὲν
654 1196 713 1260 οὖν
733 1197 784 1260 καὶ
804 1196 911 1275 τρίτον
930 1199 949 1276 ἢ
969 1200 1115 1276 πέμπτον
1135 1196 1236 1281 πό[δα
1330 1239 1334 1242 -

426 1284 540 1365 ἴαμβοέ
558 1288 577 1364 ἢ
597 1290 766 1350 επονδεῖοε
786 1285 1011 1364 εὐτρεπιζέτω,

379 1419 381 1422 ψ
426 1376 484 1438 τὸν
503 1375 656 1453 δεύτερον
675 1376 710 1438 δὲ
730 1375 781 1439 καὶ
797 1375 953 1453 τέταρτον
971 1375 1066 1442 ἀξίω(

425 1462 542 1543 ἴαμβον
561 1463 687 1528 ἁπλοῦν
707 1464 866 1543 εἰεφέρων
885 1463 1070 1543 ἑτοιμάεειε,

428 1553 518 1616 ἕκτοι
537 1548 570 1616 δ>
590 1552 690 1636 ἰάμβῳ
710 1554 860 1630 τέρπεται
879 1552 996 1632 κόεμον
1015 1555 1127 1634 φέρων

427 1642 478 1706 καὶ
497 1642 652 1724 πυρριχίῳ
671 1643 729 1721 τὴν
749 1641 850 1736 κόιμαν
869 1642 927 1720 ὕψι
947 1644 1042 1721 φέροι

171 1791 201 1847 et
222 1808 237 1847 c
257 1788 395 1847 Vaticani
415 1788 522 1848 codicis
542 1790 605 1849 909
626 1790 798 1866 apographo
818 1789 881 1848 Pal.
902 1792 957 1849 98:

167 1914 238 1972 Eur.
249 1913 326 1972 Med.
338 1915 400 1973 219
426 1908 494 1987 δίκη
514 1908 575 1987 γὰρ
595 1908 653 1973 οὐκ
671 1907 793 1973 ένεετιν
812 1909 993 1989 όφθαλμοῐτ
1014 1913 1138 1990 βροτῶν

489 1998 669 2078 ὀφθαλμοῖε
689 2001 766 2079 Pub]
787 1997 980 2078 ὀφθαλμοῖο
998 2003 1067 2063 Vct.

338 2094 401 2151 253
426 2087 474 2151 τοὶ
493 2089 550 2166 μὲν
569 2086 663 2151 πόλιε
682 2084 713 2151 θ’
732 2084 787 2166 ἥδ’
806 2088 870 2151 ἑετὶ
888 2089 940 2152 καὶ
958 2088 1080 2167 πατρὸς
1100 2088 1192 2167 δόμοι

489 2176 581 2240 πόλιε
601 2174 632 2241 θ’
652 2177 720 2256 ES]
741 2176 801 2255 γὰρ
820 2176 912 2240 πόλιε
931 2180 1000 2241 Vct.
1019 2177 1113 2242 πόλι(
1130 2182 1193 2241 Pal.

320 2272 402 2330 1077
429 2265 482 2330 οἵα
500 2262 531 2328 τ’
551 2266 584 2329 ἑε
603 2264 691 2343 ὑμᾶτ,
710 2262 794 2329 ἀλλὰ
813 2269 946 2344 νικῶμαι
964 2271 1073 2331 nurci<

391 2359 394 2362 ’
488 2352 519 2418 τ’
538 2355 572 2418 ἐι
591 2353 669 2432 iude
684 2357 793 2434 SPal.]
812 2376 847 2419 τε
866 2355 948 2433 πρὸ(
962 2355 1042 2435 ὑμᾶε
1056 2359 1126 2419 Vat.

312 2451 396 2508 1186
422 2448 555 2522 χρνιοῦε
575 2445 632 2521 μὲν
651 2441 733 2522 ἀμφὶ
751 2445 841 2523 κρατὶ
859 2443 1003 2523 κείμενοι
1023 2443 1143 2509 πλόκοι

488 2534 631 2611 κείμενοε
659 2532 780 2596 πλόκοε
808 2532 896 2615 EaS]
923 2533 1066 2612 κείμενοε
1091 2533 1204 2613 κόεμοι
1224 2538 1292 2597 Vct.

219 2695 221 2698 ¹
487 2622 601 2700 κόεμοτ
619 2620 763 2699 κείμενοι
782 2626 844 2687 Pal.

311 2718 395 2775 1212
421 2715 546 2795 χρῄζων
565 2711 695 2789 γεραιὸν
715 2711 920 2789 έξαναετῆιαι
940 2712 1036 2789 δέμαε

486 2800 617 2879 γεραιὸν
636 2801 714 2878 Pal]
733 2798 868 2877 γηραιόν
886 2803 955 2864 Vat.
998 2876 1001 2880 ¹

256 2931 316 2989 Diu
336 2919 398 3004 cst
410 2950 445 2988 ex
464 2949 521 3005 quo
541 2929 697 3005 quaeritur
716 2931 819 2987 utrum
836 2928 910 2988 ferri
927 2929 1025 3004 possit
1047 2929 1127 3004 apud
1150 2930 1254 3004 poetas
1274 2933 1335 2988 tra-

167 3022 250 3096 gicos
270 3021 401 3080 Graecos
420 3019 600 3095 diphthongi
620 3034 651 3077 αι
675 3020 704 3076 in
725 3018 851 3078 senariis
870 3017 955 3078 elisio
973 3036 1080 3093 necnc;
1102 3037 1162 3094 qua
1180 3018 1217 3077 dc
1234 3038 1268 3078 rc
1285 3039 1337 3095 po·

166 3098 1338 3189 strcmusexposuiiThcodorusKook(Mus.Rhen.35‚264sq.)miraillcusus

165 3199 291 3259 ratione.
328 3197 449 3258 Etenim
471 3216 538 3256 cum
560 3217 621 3256 non
643 3196 746 3256 multis
771 3197 914 3273 exemplis
938 3198 1128 3256 huncusum
1151 3197 1339 3273 comprobari

165 3307 253 3364 posse
273 3306 374 3347 omncs
394 3287 503 3361 sciant,
524 3306 541 3344 a
559 3285 682 3363 Kookio‚
701 3286 753 3343 ubi
772 3286 901 3361 primum
920 3306 1023 3345 eorum
1046 3286 1166 3361 aliquod
1187 3288 1337 3345 tentatum

166 3380 213 3436 cst
235 3378 405 3436 coniectura
429 3376 491 3435 sivo
514 3374 663 3450 probabili
687 3375 749 3434 sive
773 3375 977 3450 improbabili,
1005 3375 1107 3434 statim
1134 3375 1165 3433 id
1193 3374 1226 3434 in
1254 3376 1337 3434 nullo

165 3466 294 3526 habetur
312 3484 444 3525 numero.
482 3464 575 3523 Velut
592 3463 663 3524 Eur.
682 3464 717 3523 ir.
740 3464 824 3523 1066

423 3565 580 3646 ῶγῆρατ,
600 3564 673 3629 οἵαν
692 3562 799 3629 ἐλπίδ’
818 3566 937 3644 ἡδονῆι
956 3564 1039 3643 ἔχει(

423 3658 474 3720 καὶ
493 3651 555 3719 πᾶ(
573 3675 619 3718 τιε
639 3652 683 3718 εἴτ
703 3674 735 3719 τε
757 3652 886 3733 βούλετ’
905 3653 1086 3732 ἀνθρώπων
1105 3656 1216 3732 μολεῖν

165 3790 325 3864 postquam
344 3786 505 3845 Elmsleius
525 3777 571 3845 εἴ(
590 3775 619 3843 c'
639 3780 766 3857 ἕτοιμοι
785 3778 976 3861 ἀνθρώπων,
999 3782 1168 3860 Wagncrns
1189 3779 1337 3858 βούλεται

167 3876 292 3952 βροτῶν
310 3876 483 3951 coniecerat,
502 3875 562 3933 iarn
581 3874 666 3949 quasi
684 3874 798 3934 uictum
817 3878 848 3933 et
866 3875 1040 3949 suparatum
1059 3863 1242 3954 abicitur.⁴²)
1270 3874 1336 3952 Ego

254 4013 299 4080 41)
319 4010 359 4064 cf.
379 4011 491 4064 tractat.
511 4010 591 4063 metr.
612 4008 671 4063 cod.
691 4006 771 4064 Pind.
791 4007 869 4062 Vrat.
889 4008 932 4075 D,
959 4008 1008 4077 qui
1034 4005 1195 4062 inscribitur
1218 4009 1335 4076 ἐπιτομὴ

165 4088 224 4138 τῶν
243 4083 324 4136 ἐννέα
343 4083 452 4148 μέτρων
471 4082 501 4134 ἐκ
515 4086 567 4134 τοῦ
582 4079 744 4204 ἐγχειὲιδίου
761 4078 972 4147 Ἡφαιετίωνοει
992 4078 1156 4147 Δημητρίου
1171 4079 1335 4145 Τρικλινίου.

165 4153 245 4208 Pind.
265 4151 477 4222 od.Boeckhll‚
490 4159 513 4220 1,
527 4149 561 4209 V.
589 4150 630 4206 Cf.
669 4150 824 4206 tudemund
843 4150 873 4205 in
886 4149 1005 4221 Exegesi
1019 4150 1049 4204 in
1063 4149 1214 4219 Hephaest.
1230 4149 1335 4207 enchir.
1382 4169 1389 4186 ·
1501 4171 1502 4192 ι

165 4227 208 4279 ed.
230 4224 470 4278 Hocrschelmann
488 4221 602 4290 (Anccd.
622 4239 678 4278 var.
698 4221 719 4291 Ι,
739 4229 772 4276 91
786 4225 837 4292 sq.)

253 4297 299 4366 42)
318 4294 361 4349 Nc
379 4293 440 4364 ipse
458 4294 571 4363 quidem
595 4292 713 4350 defendo
737 4294 783 4363 (cf.
802 4292 878 4352 Pors.
898 4293 936 4348 ad
953 4292 1018 4350 Eur.
1037 4292 1142 4348 Phocn.
1163 4294 1255 4361 1230),
1285 4292 1335 4348 sed

164 4385 221 4424 non
240 4367 283 4423 ita
301 4366 473 4423 reiciendum
492 4369 560 4422 crat.
1303 4379 1305 4382 ’
