3050 5109
217 221 282 284 218
682 220 805 275 Evaldus
824 219 930 273 Brulm:

217 390 282 449 Iam
301 394 416 451 certum
435 391 564 465 aliquem
583 391 681 449 locum
700 390 884 466 significans:

433 510 513 588 αὕτη
533 507 574 588 δ),
593 508 738 590 Ὀρέετα,
756 516 816 575 τοῦ
835 510 1032 575 λυκοκτόνου
1051 512 1129 573 θεοῦ

431 598 535 678 ἀγορὰ
553 599 696 678 Λύκειος,

217 751 287 825 post
306 748 513 808 sinistrorsum
533 765 564 805 se
583 749 772 807 convertens:

685 863 740 930 οὑξ
754 863 924 943 ιάριετερᾶε
943 862 975 929 δ>
994 863 1050 929 ὅδε

431 954 532 1034 Ἥρα(
551 954 569 1017 δ
588 954 713 1018 κλεινότ
731 952 823 1018 ναόε·

219 1102 257 1160 ad
277 1102 462 1177 postremum
481 1120 498 1160 a
517 1100 735 1177 spectatoribus
754 1102 793 1161 ad
812 1120 932 1162 scenam
950 1118 1123 1162 conversus:

895 1220 927 1285 οἶ
946 1217 978 1284 δ’
996 1219 1148 1297 ἱκάνομεν

433 1308 566 1388 φάτκειν
585 1309 736 1389 Μυκήνα(
755 1309 812 1374 τὰ(
831 1311 1052 1396 πολυχρόεουε
1072 1309 1152 1387 ὁρᾶν

221 1460 252 1518 et
268 1458 432 1518 ascendens
451 1457 489 1515 ad
508 1455 716 1516 ascendentes:

435 1575 647 1657 πολύφθορόν
666 1598 701 1641 τε
721 1580 812 1656 δῶμα
830 1579 1026 1643 Πελοπιδῶν
1045 1576 1120 1641 τόδε
1132 1574 1217 1661 ss.²⁹)

311 1725 415 1784 Liceat
432 1726 534 1783 autem
552 1724 720 1800 paullulum
740 1726 809 1785 hinc
827 1725 951 1803 digredi.
988 1726 1106 1802 Duplex
1125 1726 1204 1785 enim
1223 1725 1254 1784 in
1273 1726 1395 1786 scholiis

178 1803 183 1813 ⁸
223 1815 321 1891 opinio
345 1814 498 1890 profertur
522 1815 558 1872 de
580 1815 645 1873 loco
665 1815 718 1873 ubi
737 1818 846 1890 agatur
865 1816 993 1876 Electra.
1031 1814 1089 1885 Qui
1108 1815 1154 1873 ad.
1173 1835 1201 1874 ν.
1222 1818 1239 1874 7
1261 1815 1396 1891 scripsit:

223 1899 286 1964 ἕετι
310 1899 371 1977 γὰρ
395 1899 427 1964 ἐξ
451 1896 614 1976 ἀριττερᾶτ
637 1903 703 1962 τῶν
722 1898 882 1978 Μυκηνῶν
904 1904 972 1964 τοῐε
991 1898 1056 1963 ἀπὸ
1077 1899 1231 1977 Κορίνθου
1250 1898 1396 1964 εἰτιοῦειν

222 1990 322 2066 Ἥρα(
341 1987 432 2051 vods·
452 1987 487 2051 ἐκ
506 1987 651 2052 Φωκίδος
670 1990 706 2051 δὲ
725 1988 983 2068 παραγενόμενοι
1003 1990 1054 2053 διὰ
1070 1989 1224 2067 Κορίνθου
1241 1990 1394 2067 πεποίην-

222 2099 274 2141 ται
292 2080 350 2157 τὴν
370 2075 457 2155 ὁδόν,
476 2081 502 2140 is
520 2081 654 2158 Mycenis
674 2101 740 2141 esse
758 2083 967 2161 paedagogum
984 2080 1121 2141 Orestem
1134 2082 1278 2158 Pyladem
1297 2084 1395 2143 existi-

223 2172 317 2232 mavit
341 2162 391 2251 (cf.
411 2170 501 2229 schol.
524 2174 550 2228 1.
579 2167 637 2229 τὸν
661 2168 771 2245 καιρὸν
795 2168 831 2232 ἐν
855 2166 881 2249 ᾧ
905 2168 1048 2246 πάρειειν
1072 2167 1116 2231 εἰ(
1138 2166 1196 2231 τὰ(
1215 2165 1392 2254 Μυκήναε);

168 2320 171 2326 ,
224 2261 275 2337 qui
293 2261 331 2319 ad
345 2263 406 2319 πθ
429 2259 585 2319 adnotavit
598 2254 740 2333 ‘'Opnpoc
760 2256 884 2335 χωρίζει
903 2257 941 2320 τό
955 2255 1073 2335 Ἄργος
1091 2256 1142 2319 καὶ
1160 2257 1219 2333 τὴν
1234 2256 1392 2336 Μυκήνην,

224 2344 255 2409 οἱ
275 2346 310 2409 δὲ
329 2344 482 2421 νεῶτεροι
497 2345 555 2422 τὴν
570 2343 669 2423 αὐτὴν
684 2345 837 2425 Μυκήνην
852 2346 904 2408 καὶ
918 2344 1035 2424 Ἄργοτ
1050 2346 1155 2424 ccciv,
1173 2349 1200 2409 is
1219 2370 1273 2425 per
1292 2369 1323 2409 se
1340 2354 1395 2409 aut

225 2441 261 2498 de
280 2437 413 2515 Mycenis
432 2438 487 2495 aut
505 2437 542 2495 de
560 2437 652 2514 Argis
670 2441 772 2513 potest
789 2439 948 2516 cogitasse,
969 2458 1034 2498 esse
1053 2440 1090 2497 ab
1111 2459 1146 2498 eo
1165 2439 1263 2514 Argos
1283 2439 1396 2514 signifi-

224 2532 306 2587 catos
329 2529 415 2603 patet
437 2546 454 2585 e
477 2526 566 2586 schol.
593 2529 611 2585 6
641 2523 898 2601 παραγενόμενοι
921 2523 980 2588 οὖν
1004 2523 1050 2588 εἰ(
1073 2523 1190 2602 Ἄργοε
1214 2523 1232 2586 ὁ
1256 2527 1397 2604 τροφεὺε

225 2612 380 2677 δείκνυειν
399 2611 487 2694 αὐτῷ
506 2612 564 2689 τὴν
583 2610 686 2675 πόλιν.
720 2618 760 2675 nt
777 2616 850 2676 haec
865 2618 984 2693 quidem
997 2618 1086 2677 facile
1098 2618 1322 2694 intelleguntur,
1337 2639 1398 2678 non

223 2707 298 2765 item
316 2725 392 2782 quae
412 2707 592 2781 sequuntur:
612 2702 718 2777 λέγων
736 2700 820 2765 dcun
835 2701 894 2766 οὐκ
908 2700 1038 2766 ἄπωθεν
1052 2705 1118 2765 τῶν
1133 2701 1302 2781 Μυκηνῶν,
1322 2702 1397 2767 ἀλλ’

225 2792 258 2857 ἐξ
282 2788 431 2854 ἀπόπτου
455 2789 603 2868 φαίνεται
626 2790 758 2854 καὶτὸν
784 2792 865 2855 ναόν
887 2797 943 2870 τῆς
961 2792 1061 2870 Ἥρα(
1082 2791 1115 2856 ἐξ
1135 2790 1298 2870 ἀριετερᾶτ
1317 2790 1397 2857 ὄντα

226 2881 387 2958 Μυκηνῶν
406 2883 473 2942 τοῖς
493 2877 558 2942 ἀπό
577 2879 731 2958 Κορίνθου
751 2879 905 2944 εἰτιοῡειν.
937 2885 1072 2943 Primum
1091 2885 1168 2944 enim
1189 2885 1215 2944 si
1233 2886 1285 2962 qui
1299 2887 1396 2963 Argos

206 2977 372 3035 ⁴venerunt
388 2972 517 3049 indeque
536 2972 700 3049 respiciunt
717 2975 865 3050 templum
884 2974 1019 3048 Iunonis,
1043 2993 1102 3033 non
1120 2994 1136 3033 e
1156 2973 1279 3034 sinistra
1298 2976 1395 3053 Myce-

224 3083 341 3139 narum,
361 3062 414 3122 sed
432 3081 449 3120 e
467 3062 574 3121 dextra
587 3062 739 3139 Argorum
754 3064 847 3123 situm
862 3083 928 3123 esse
942 3065 1049 3124 dicent.
1083 3063 1168 3123 Unde
1183 3065 1287 3122 statim
1301 3067 1396 3125 nasci-

225 3157 276 3212 tur
300 3152 430 3227 suspicio
453 3143 606 3226 postrema
631 3152 684 3210 illa
707 3149 740 3214 ἐξ
764 3146 928 3227 ἀριττερᾶε
951 3147 1031 3212 ὄντα
1054 3149 1215 3226 Μυκηνῶν
1237 3154 1306 3213 τοῑε
1332 3149 1396 3215 ἀπό

119 3299 122 3302 ,
227 3236 381 3315 Κορίνθου
396 3236 542 3300 εἰειοῦτιν
557 3259 573 3298 ο
588 3240 709 3301 scholii
724 3242 795 3301 huie
809 3243 921 3302 scholio
937 3243 1041 3302 addita
1060 3261 1126 3302 esse
1145 3242 1183 3300 ab
1203 3262 1237 3301 eo
1257 3245 1308 3319 qui
1326 3245 1397 3319 quid

227 3331 284 3390 sibi
301 3330 394 3389 vellet
412 3328 489 3388 illud
507 3325 568 3402 τὴν
587 3324 682 3389 πόλιν
700 3330 760 3389 iam
779 3350 839 3390 non
856 3332 1046 3408 perspiceret.
1078 3331 1155 3391 Dein
1175 3351 1246 3391 vero
1264 3333 1318 3391 ubi
1331 3337 1396 3392 tan·

226 3421 293 3479 dem
317 3418 438 3479 auditur
461 3418 654 3495 paedagogus
679 3416 785 3490 λέγῶν
808 3415 892 3480 dtur
915 3417 973 3481 οὐκ
996 3415 1126 3481 ἄπωθεν
1144 3419 1210 3480 τῶν
1229 3417 1398 3502 Μυκηνῶν,

227 3500 304 3569 ἀλλ’
322 3504 355 3570 ἐξ
374 3501 523 3567 ἀπόπτου
542 3502 711 3581 pulverea?
731 3508 789 3578 Qui
807 3511 908 3569 autem
927 3514 1028 3587 potest
1046 3511 1144 3588 dicere
1162 3510 1321 3586 quisquam
1338 3531 1398 3572 non

227 3598 332 3674 procul
350 3597 455 3656 abesse
475 3596 597 3673 aliquid,
617 3598 679 3657 sed
697 3601 818 3657 tamen
836 3600 934 3659 cerni
953 3601 989 3660 de
1008 3601 1073 3659 loco
1088 3599 1188 3659 elato?
1214 3600 1308 3659 Immo
1323 3602 1398 3661 haec

227 3706 359 3764 quoque,
383 3688 408 3744 si
427 3686 498 3762 quid
517 3686 619 3766 video,
637 3706 758 3747 neeesse
778 3689 824 3747 est
843 3690 973 3748 exulent.
1008 3690 1049 3749 nt
1067 3688 1148 3765 vide,
1168 3708 1258 3765 quam
1277 3692 1346 3768 apte
1366 3710 1398 3750 ee

226 3768 343 3853 reliqua
357 3774 517 3851 excipiant:
536 3770 555 3834 ὁ
570 3774 710 3851 τροφεὺτ
725 3772 880 3837 δείκνυειν
896 3774 1055 3858 αὐτῷτὴν
1070 3773 1166 3837 πόλιν
1180 3775 1232 3837 καὶ
1246 3776 1304 3839 τόν
1317 3776 1397 3840 ναόν

317 3984 363 4052 29)
382 3981 459 4047 Quae
482 3980 539 4036 ind.
559 3980 658 4037 soholl.
677 3979 753 4038 sote.
774 3999 841 4037 sem.
860 3981 918 4037 hib.
939 3984 1034 4053 1⁸75l⁶
1058 3999 1122 4037 eum
1144 3984 1174 4038 in
1196 3984 1280 4038 finem
1303 3984 1396 4053 dispu-

227 4053 301 4110 tavit
322 4051 480 4107 Fridericus
503 4051 653 4121 Wieseler,
681 4056 714 4108 ut
736 4054 849 4108 lunonis
873 4052 1010 4124 templum
1033 4054 1064 4109 in
1087 4071 1121 4109 ea
1143 4056 1268 4125 periaeto
1291 4056 1398 4125 pictum

226 4126 314 4180 fuisse
337 4124 554 4193 demonstraret,
583 4141 655 4192 quae
678 4125 807 4194 loquenti
833 4143 850 4180 a
877 4124 992 4181 sinistra
1019 4130 1105 4194 esset,
1133 4125 1163 4180 in
1190 4128 1280 4182 altera
1307 4127 1398 4184 forum

154 4197 158 4202 ’
228 4198 362 4267 Lyceum,
387 4212 421 4250 ea
442 4195 506 4251 ideo
529 4197 672 4264 nequeunt
693 4198 771 4251 recta
795 4214 868 4264 esse,
892 4197 959 4265 quia
976 4196 1047 4251 illud
1066 4199 1196 4265 ἱκάνομεν
1214 4198 1289 4269 fugit
1306 4198 1398 4255 virum

228 4267 429 4328 doctissimum.
469 4267 524 4322 Sed
547 4267 703 4324 rectissime
724 4267 801 4324 idem
823 4269 957 4324 refutavit
979 4285 1040 4337 eos,
1063 4269 1112 4338 qui
1134 4287 1152 4324 a
1170 4270 1309 4339 Sophocle
1332 4289 1398 4327 eon-

228 4341 305 4395 fnsas
325 4339 457 4407 Mycenas
481 4340 511 4394 et
528 4339 618 4409 Argos
641 4341 803 4398 statuerent.
840 4341 960 4410 Propter
984 4340 1100 4395 eandem
1124 4343 1218 4395 autem
1243 4359 1327 4410 quam
1350 4344 1399 4400 ille

230 4429 342 4467 eausam
361 4410 449 4466 falsus
469 4414 512 4466 est
530 4409 754 4466 Schoenbomius
773 4411 877 4481 (Skene
896 4412 946 4466 der
963 4412 1100 4467 Hellenen
1119 4419 1189 4483 152).
