3050 5109
364 240 602 295 Lucubrationum
620 240 836 310 Euripidearum
854 242 948 310 capita
966 242 1079 297 selecta.
1237 240 1300 305 267

122 409 207 486 legit
221 408 400 483 Stephanus,
420 427 456 467 ea
469 409 645 484 intellegere
659 408 733 467 mihi
747 429 807 467 non
821 401 974 490 contigit):
994 404 1039 469 ὠ(
1053 407 1113 484 γὰρ
1127 411 1183 485 τῆ(
1198 407 1304 485 χειρὸ(

124 494 234 571 οὔ(η(“
245 492 325 556 ὅλου
349 494 437 557 τινὸ(
460 496 538 572 μέρη
563 494 660 572 αὐτῆ(
683 493 745 557 ὅλα
768 492 846 571 ὅλη(
865 495 961 571 ἐετίν,
985 493 1056 558 οἷον
1080 494 1230 559 δάκτυλοι
1253 496 1304 559 καὶ

124 589 247 662 πῆχυε·
271 581 355 646 ἰδίαν
378 583 666 661 γὰρπεριγραφήν
689 584 740 646 καὶ
762 581 828 646 ἴδια
845 585 923 661 μέρη
943 582 1009 661 ἔχει
1028 584 1136 648 οὕτω.
1156 635 1162 648 .
1182 580 1301 667 aff).

221 675 279 735 Sed
299 679 401 735 tamen
418 676 601 751 Phaedram,
626 677 697 734 dum
720 696 836 749 amore,
859 677 986 753 pudore,
1014 678 1116 737 dolore
1141 678 1305 754 conficitur,

125 766 204 823 dum
222 765 344 824 iamiam
362 765 543 841 cogitatione
562 765 594 823 in
611 768 740 824 mortem
757 766 876 824 intenta
894 769 950 843 est,
967 785 1039 823 num
1058 767 1123 825 sine
1142 767 1303 828 offensione

125 854 271 913 audimus
289 873 433 912 manuum
451 854 613 914 teneritate
636 848 841 930 gaudentem?
876 854 944 913 Etsi
963 852 1192 916 Wilamowitzio
1215 857 1304 917 aliter

126 945 231 1002 visum
251 936 367 1024 (Herm.
378 943 443 1021 XV,
462 946 526 1003 477
542 936 634 1022 adn),
652 963 701 1002 me
719 943 776 1003 hoc
789 944 868 1002 ferre
881 962 942 1002 non
954 962 1044 1019 posse
1057 944 1163 1004 fateor.
1191 945 1304 1008 Vereor

125 1034 243 1106 autem,
262 1052 299 1091 ne
317 1032 368 1091 ille
383 1032 559 1107 Euripidem
578 1033 754 1092 defensurus
773 1033 964 1092 librariorum
978 1033 1079 1108 potius
1093 1053 1183 1108 quam
1197 1037 1303 1109 poetae

125 1119 331 1196 patrocinium
360 1122 535 1197 susceperit.
571 1120 688 1198 Inspice
716 1122 796 1180 enim
823 1122 913 1181 schol.
936 1121 1026 1181 Maro.
1053 1122 1122 1181 Vat.
1146 1123 1215 1182 Par.
1234 1123 1303 1183 Ars.

123 1231 156 1285 p.
172 1212 244 1286 104,
263 1213 279 1268 7
301 1204 320 1269 δ
335 1207 370 1269 δὲ
388 1210 477 1285 νοῦ(,
497 1207 650 1270 traiicitur
669 1210 737 1270 τοῑ(
756 1206 882 1269 ἑαυτῶν
896 1205 994 1284 ὤμοι(
1008 1209 1084 1270 τοὺ(
1098 1207 1193 1284 ἐμοὺ(
1214 1213 1302 1288 βρα-

125 1294 263 1372 χίονα(
288 1296 339 1358 καὶ
357 1299 427 1359 ταῖ(
447 1295 573 1373 χερεὶν
591 1294 850 1373 ἀντερειδόμεναί
869 1316 929 1373 μου
947 1300 1006 1359 τοῦ
1025 1296 1175 1375 αὐχένο(,
1199 1297 1303 1361 οὕτω(

126 1405 167 1460 με
188 1383 346 1462 ἐπαίρετε.
377 1383 533 1448 Αοαυνοδο
551 1388 719 1465 considera,
742 1388 844 1464 qualia
860 1389 1014 1448 iubentem
1032 1389 1193 1449 scholiasta
1210 1391 1303 1451 faeiat

122 1477 297 1536 Phaedram
322 1470 413 1554 (quae
436 1478 552 1537 uncinis
575 1478 727 1537 includam
750 1497 786 1536 ea
810 1496 894 1536 ame
918 1478 1020 1537 addita
1043 1471 1142 1560 seito).
1167 1479 1302 1542 Primum

123 1567 283 1625 Phaedrae
318 1567 459 1626 bracchia
495 1562 738 1643 [apprehendere
766 1564 813 1642 et]
847 1567 980 1643 ipsarum
1013 1570 1123 1627 umeris
1151 1569 1303 1643 imponere

123 1655 283 1729 iubentur3
312 1650 403 1734 (duae
428 1656 542 1716 scilieet
565 1657 690 1715 ancillae
714 1656 890 1732 cogitandae
914 1649 1012 1737 sunt3)
1036 1657 1104 1716 dein
1129 1655 1198 1733 [hoc
1222 1661 1303 1733 pest·

124 1763 219 1819 quam
244 1745 342 1804 altere
365 1746 469 1804 dextra
493 1746 615 1805 sinistra
638 1746 735 1804 altera
757 1747 905 1818 fecerunt,
931 1746 992 1803 iam
1016 1746 1070 1804 illa
1089 1747 1210 1806 sinistra
1228 1747 1303 1807 haec

69 1871 74 1878 »
122 1829 248 1911 dextra]
268 1837 355 1911 terga
369 1834 524 1894 Phaedrae
543 1834 746 1893 suffulcientes
766 1833 803 1893 de
821 1835 932 1894 lectulo
949 1854 1016 1893 eam
1029 1836 1172 1895 iubentur
1185 1838 1302 1896 tollere.

122 1923 186 1981 Fac
201 1941 313 1998 quaeso
328 1923 492 1998 rideamne,
511 1924 591 1982 unde
610 1925 684 1982 haec
703 1924 867 1999 sumpserit
885 1924 1113 2001 grammaticus3
1133 1945 1202 1984 nam
1222 1928 1302 2001 apud

123 2011 304 2087 Euripidem
323 2031 427 2072 eorum
446 2032 501 2071 nec
518 2014 620 2073 volam
638 2033 693 2073 nee
710 2014 874 2089 vestigium
894 2018 995 2073 extare
1015 2014 1108 2073 dabis.
1145 2016 1302 2075 luvenitne

127 2101 275 2177 scriptum
294 2102 458 2161 scholiasta
475 2103 556 2178 quod
576 2102 647 2162 olim
666 2103 793 2161 coniecit
811 2102 1012 2179 Hartungiue:

342 2221 450 2302 λάβετ’
471 2222 506 2287 εὖ
526 2223 636 2300 πήχει(
656 2223 761 2300 χεράν
781 2221 963 2300 reductor?

216 2369 295 2427 Nam
310 2368 416 2444 siquis
437 2363 537 2443 ‘plane
553 2363 747 2445 superfluum’
768 2370 877 2429 dixerit
890 2370 965 2428 illud
979 2367 1098 2445 χερ(ίν,
1117 2390 1177 2431 non
1191 2392 1302 2449 pugno,

129 2458 182 2557 sed
209 2461 311 2532 poetas
340 2458 498 2544 emendare
525 2463 663 2518 nostrum
691 2478 751 2518 non
780 2463 839 2535 est3
867 2461 952 2535 atqui
980 2464 1012 2519 et
1038 2460 1198 2537 Sophocles
1227 2461 1307 2521 dixit.

127 2537 188 2626 (AL
210 2540 288 2626 660)
340 2631 405 2707 ἐγὼ
425 2630 500 2711 γάρ,
520 2633 552 2697 ἐξ
572 2630 611 2695 οὗ
631 2633 730 2711 χειρὶ
748 2632 843 2696 τοῦτ’
861 2633 1017 2712 ἐδεξάμην

330 2718 420 2799 ’παρ’
437 2721 589 2799 Ἕκτορα(
608 2721 740 2800 δώρημα
759 2723 1009 2800 δυ(μενέ(τατον

125 2868 156 2923 et
174 2866 334 2942 Euripides
354 2865 431 2927 Med.
453 2870 538 2928 1034

337 2989 389 3051 καὶ
408 2993 628 3053 κατθανοῡεαν
648 2990 779 3067 χερεὶν
798 2990 834 3054 εὖ
853 2996 1050 3069 περιετελεῑν

127 3137 156 3192 et
174 3151 245 3193 vero
264 3136 362 3211 magis
382 3135 475 3193 etiam
493 3135 568 3194 mire
587 3135 735 3196 Pindarus
755 3130 816 3218 (01.
834 3138 861 3197 X
886 3130 943 3219 65)

338 3255 434 3319 εὐθὺν
452 3254 551 3319 τόνον
570 3257 701 3321 ποεεὶν
720 3258 858 3336 τρέχων,

126 3401 202 3459 unde
222 3402 425 3461 concludimus
440 3406 521 3462 necte
536 3403 748 3463 aKirchhoffio
762 3406 807 3463 ita
820 3406 1012 3464 immutatum
1027 3425 1091 3465 esse
1104 3408 1175 3466 Eur.
1185 3409 1232 3467 El.
1243 3410 1298 3468 96:

496 3522 544 3586 ‘iv'
563 3524 699 3604 ἐκβαίνω
719 3522 880 3610 (ἐκβάλλω
899 3525 998 3611 codd.)
1018 3527 1108 3591 ποδὶ

338 3607 440 3688 ἄλλην
458 3610 515 3678 ἐπ’
534 3612 609 3683 αἶαν
834 3635 837 3639 “

148 3813 151 3820 ι
172 3785 174 3788 ’
213 3787 258 3852 22)
276 3784 416 3852 Pleraque
435 3786 535 3840 horum
554 3786 630 3855 prior
647 3786 721 3841 vidit
734 3787 911 3843 Bartholdue.
941 3790 1117 3845 Videbantur
1131 3795 1226 3847 autom
1240 3793 1298 3848 alia

127 3855 281 3923 paullulum
300 3856 489 3924 immutanda,
508 3858 566 3912 alia
584 3857 729 3926 addenda,
754 3859 850 3913 omnia
867 3861 958 3914 fusius
977 3864 1133 3917 tractanda.
1167 3863 1296 3919 Ceterum

13 3959 14 3996 3
128 3938 160 3980 ne
173 3926 219 3979 illi
234 3926 387 3995 quiequam
405 3926 504 3982 videar
522 3929 695 3994 subtrahere,
712 3931 805 3985 totam
823 3932 882 3985 eius
900 3933 1111 3998 adnotationem
1129 3936 1298 3993 describam:

13 4029 14 4040 ν
126 4000 250 4065 ευπήχει(
272 4000 376 4067 χεῑρα(]
403 3998 461 4054 ‘die
479 3999 562 4054 Hand
584 4017 630 4053 am
654 4002 777 4056 sohonen
795 4004 887 4070 Arm',
913 4003 967 4057 wie
985 4005 1089 4061 Phoen.
1111 4012 1178 4061 1351
1202 4012 1296 4062 λευκο·

125 4071 217 4135 πήχει(
231 4070 352 4123 κτύπου(
366 4077 459 4137 χεροῖν
469 4096 503 4117 =
514 4073 636 4126 κτύπου(
648 4075 844 4141 λευκοπήχεων
859 4082 951 4141 χεροῖν
965 4076 1123 4146 (Enallage)
1138 4079 1195 4131 und
1209 4083 1297 4133 unten

13 4179 14 4184 κ
127 4141 211 4195 δεξιά(
238 4141 378 4195 εάωλένοο
406 4143 481 4210 (606)
510 4142 593 4213 [haec
619 4159 720 4211 pamm
749 4150 825 4201 certa
849 4162 910 4201 esse
933 4163 1013 4215 spero
1037 4147 1093 4200 iam
1113 4150 1296 4219 apparuisse]‚

13 4251 15 4268 ν
127 4229 203 4265 wenn
221 4210 302 4264 nicht
319 4212 349 4265 in
367 4212 469 4266 beiden
487 4214 586 4268 Pallen
603 4219 693 4281 πῆχυ(
710 4216 769 4269 und
787 4219 877 4285 ὠλένη
898 4218 1038 4281 geradezu
1057 4245 1091 4264 =
1110 4221 1168 4287 χείρ
1188 4222 1296 4286 gesetzt

126 4281 161 4335 iet
177 4283 245 4353 [hoc
264 4284 299 4337 de
317 4284 455 4339 vocabulo
473 4291 563 4352 πῆχυ(
587 4286 773 4342 demonstrari
797 4305 852 4343 non
875 4290 997 4360 potcst],
1025 4290 1079 4345 wie
1104 4291 1164 4361 lph.
1183 4291 1214 4346 T.
1234 4299 1293 4347 966.

13 4389 14 4406 ;
126 4352 202 4407 Dann
220 4354 318 4408 stende
338 4355 387 4408 der
397 4356 543 4411 Auedrnok
557 4356 608 4411 auf
618 4356 744 4426 gleicher
758 4358 837 4415 Stufe
853 4362 905 4414 mit
913 4402 991 4415 .....
1007 4364 1152 4433 [secuntur
1165 4366 1295 4435 exempla

13 4437 14 4440 ’
126 4426 180 4478 tere
198 4425 298 4480 eadem
316 4443 389 4495 quae
408 4442 460 4498 ego
480 4447 507 4497 p.
517 4433 569 4484 265
588 4427 724 4501 laudavi}
