3050 5109
218 238 285 304 260
678 239 802 295 Evaldus
821 241 928 297 Bmhnr

308 407 377 468 Non
390 411 509 486 poterut
524 409 658 484 profecte
677 428 709 469 se
727 410 888 484 continere,
906 410 979 486 quin
996 410 1172 470 restitueret
1191 411 1230 469 in
1252 411 1432 488 integrum

218 518 245 557 v.
266 498 340 573 527,
359 518 449 574 quem
470 498 515 556 ita
533 499 669 558 luxatum
688 501 719 558 et
736 499 789 558 ille
809 502 839 558 et
857 498 882 557 P
900 500 1077 561 invenerant
1094 501 1126 558 in
1144 499 1180 560 S:

399 638 551 715 τέθνηκεν
569 635 588 700 ὁ
607 638 735 715 μέλλων
753 637 804 701 καὶ
824 635 843 699 ὁ
862 637 971 702 θανὼν
990 636 1099 702 οὐκέτ’
1118 637 1214 703 έετιν.
1266 617 1268 620 V

218 801 258 859 Et
289 800 313 857 P
345 801 465 876 quidem
493 801 623 861 fideliter
657 819 777 861 versum
811 819 901 878 prosa
934 802 1068 861 oratione
1101 802 1334 862 decurrentem
1372 802 1425 862 de-

218 889 350 967 scripsit;
373 890 397 948 L
421 890 552 966 primum
575 891 654 951 iuter
677 890 868 950 scribendum
895 892 1066 950 emendavit
1088 887 1226 966 τέθνηκε
1261 889 1424 966 μέλλων;

218 980 324 1054 postea
343 997 409 1038 cum
430 980 631 1039 intellexisset
649 980 777 1039 articulo
792 999 882 1057 aegre
896 980 944 1038 hie
958 980 1053 1039 careri
1066 999 1163 1057 posse,
1181 981 1423 1058 superscripsit

216 1062 250 1141 χ’
268 1063 296 1129 ὁ.
332 1068 462 1144 Reliqua
481 1068 622 1128 facillime
642 1069 882 1145 corrigebantur,
899 1069 952 1127 ubi
970 1070 1100 1146 primum
1119 1089 1155 1128 ex
1172 1066 1230 1129 καὶ
1252 1064 1274 1129 ὁ
1297 1065 1422 1131 θανών

219 1158 358 1218 effectum
378 1163 444 1217 erat
462 1150 513 1230 χῶ
529 1153 646 1233 θανών,
666 1158 752 1217 facile
770 1158 1046 1235 transpenebantur
1064 1159 1227 1219 vocabula:
1256 1155 1325 1220 οὐκ
1346 1153 1422 1219 ἔπ’

216 1240 271 1305 ἔτι.
308 1247 386 1305 Erat
404 1246 499 1324 igitur
518 1250 601 1306 ortus
620 1265 725 1307 versus
744 1247 827 1307 baud
844 1247 1012 1323 inelegans:

428 1381 560 1463 τέθνηχ’
579 1383 598 1446 ὁ
616 1385 744 1463 μέλλων
762 1383 813 1473 χῷ
828 1385 937 1451 θανὼν
955 1384 1013 1449 οὐκ
1033 1383 1101 1450 ἔεθ’
1116 1384 1176 1466 ἔτι,

217 1532 269 1607 qui
288 1534 388 1590 tamen
409 1532 482 1591 satis
501 1532 591 1608 longe
610 1531 738 1591 distaret
756 1533 795 1591 ab
814 1550 850 1590 ea
868 1531 1004 1608 lectione,
1023 1550 1114 1606 quam
1132 1531 1275 1592 servavit
1297 1529 1325 1590 Σ

427 1667 558 1749 τέθνηχ’
577 1669 596 1733 ὁ
615 1670 742 1748 μέλλων
760 1666 888 1733 κούκέτ’
906 1667 974 1732 ἔεθ’
993 1667 1012 1730 ὁ
1030 1668 1208 1733 κατθανών.

306 1834 411 1895 Liceat
432 1837 535 1894 autem
553 1834 722 1910 paullulum
745 1834 774 1893 b.
798 1834 818 1895 l.
842 1833 1015 1893 subsistere.
1052 1834 1198 1892 Miramur
1222 1834 1312 1893 enim
1340 1834 1408 1892 L¹¹¹¹¹

218 1942 277 1983 non
294 1924 478 1983 intellexisse
497 1942 516 1983 a
535 1942 625 1983 sensu
640 1923 744 1982 eedem
757 1923 847 1981 modo
861 1926 898 1981 ut
910 1940 929 1981 a
942 1923 1072 1981 numeris
1087 1922 1211 1998 indigna
1225 1942 1300 1982 esse
1316 1923 1406 1981 Euri-

215 2013 296 2088 pide,
310 2031 387 2088 quae
401 2012 566 2073 invenisset
579 2012 702 2071 tradita
719 2011 837 2087 Nempe
850 2030 958 2086 parum
972 2016 1043 2087 apte
1053 2011 1213 2070 Admetus:
1230 2011 1294 2081 Qui
1310 2013 1404 2071 mori-

215 2107 302 2161 turus
322 2105 382 2175 est,
400 2102 512 2179 inquit,
531 2105 667 2169 mortuus
687 2105 746 2178 est,
766 2101 818 2177 qui
836 2104 972 2160 mortuus
991 2105 1051 2176 est,
1070 2102 1130 2159 iam
1148 2120 1208 2160 nen
1227 2104 1294 2178 est,
1314 2100 1404 2177 quasi

216 2191 382 2250 edocendus
401 2191 493 2250 fuerit
507 2190 652 2251 Hercules
672 2192 806 2250 mortuos
824 2208 885 2248 non
902 2190 1012 2250 rivere.
1045 2190 1141 2248 Immo
1160 2190 1186 2249 si
1205 2191 1282 2265 quid
1301 2191 1401 2262 video,

215 2298 338 2339 acumen
358 2279 386 2338 h.
405 2280 425 2338 l.
444 2279 591 2340 Admetus
610 2282 735 2356 captans
754 2279 872 2339 dixerat

397 2414 529 2495 τέθνηχ’
548 2415 567 2479 ὁ
586 2417 714 2494 μέλλων
732 2413 861 2481 κούκέτ’
878 2412 945 2479 ἔετ’
964 2418 1003 2479 οὐ
1022 2416 1200 2481 κατθανών.

216 2558 280 2639 ‘qui
294 2563 458 2623 moriturus
473 2566 528 2637 est,
548 2563 573 2622 is
592 2564 728 2623 mortuus
748 2565 796 2623 est
814 2566 846 2622 et
864 2562 1001 2639 quamvis
1019 2581 1079 2622 non
1098 2564 1272 2638 decesserit,
1292 2566 1395 2624 tamen

214 2654 274 2711 iam
292 2671 353 2711 non
371 2646 438 2712 est'

305 2740 365 2801 Sed
387 2742 573 2801 redeundum
597 2743 643 2801 est
667 2740 705 2800 ad
727 2741 931 2817 propositum:
959 2742 1063 2817 paullo
1082 2741 1179 2802 levius
1198 2760 1231 2800 se
1250 2742 1350 2818 gessit
1368 2741 1392 2799 L

214 2832 246 2889 in
270 2829 496 2908 stiehcmythia,
520 2851 579 2908 qua
602 2830 671 2889 inde
695 2848 763 2892 av.
790 2832 855 2889 374
878 2829 1025 2890 Admetus
1047 2833 1080 2889 et
1102 2830 1233 2902 Alcestis
1256 2832 1339 2891 inter
1361 2849 1392 2889 se

215 2920 421 2996 conlocuntur3
445 2940 481 2979 ex
504 2939 541 2979 ea
561 2939 674 2980 cumr.
695 2921 758 2978 376
779 2920 810 2978 in
828 2919 926 2978 codiee
945 2920 1109 2996 archetype
1127 2920 1345 2993 intercidisset,
1368 2918 1392 2976 P

214 3008 344 3067 fideliter
358 3009 492 3084 depinxit
506 3008 751 3085 stichemythiam
764 3008 877 3068 laesam
892 3026 935 3081 ee,
954 3008 1034 3083 qued
1052 3009 1112 3068 iam
1131 3008 1227 3069 eidem
1244 3025 1391 3084 personae

215 3098 274 3155 duo
288 3115 394 3157 versus
409 3098 589 3176 obtigerant.
620 3095 765 3155 Callidius
780 3095 805 3155 L
820 3100 852 3156 et
865 3097 921 3156 hoc
935 3097 1030 3156 sensit
1044 3101 1075 3156 et
1093 3100 1128 3156 ut
1146 3097 1297 3158 oblineret
1311 3100 1389 3157 certe

216 3188 310 3261 ulcus,
329 3188 407 3262 quod
424 3204 534 3246 sanare
552 3205 613 3246 non
630 3188 742 3262 posset,
761 3204 856 3261 usque
872 3186 911 3244 ad
924 3206 952 3247 τ.
968 3189 1030 3246 391
1046 3186 1194 3245 Alcestidi
1207 3187 1316 3247 tribuit
1329 3186 1387 3245 Ad·

214 3275 288 3333 meti
301 3294 416 3352 versus,
429 3277 559 3335 Admeto
569 3274 742 3335 Alcestidis.
771 3274 830 3334 Sed
844 3293 968 3350 prorsus
982 3275 1201 3336 inconsiderate
1215 3296 1280 3335 rem
1294 3275 1388 3352 gessit

194 3366 388 3424 'masth

392 3499 467 3566 ἀλλ’
487 3500 561 3566 οὐδ’
580 3500 729 3568 ἀπειπεῖν
747 3505 823 3566 rote
842 3501 965 3567 πόνου(
984 3500 1055 3566 οἷόν
1073 3500 1106 3565 τ’
1124 3502 1206 3582 ἐμοί,

214 3649 267 3708 ubi
285 3667 352 3707 cum
371 3649 517 3709 traditum
536 3648 702 3711 invenisset

392 3786 467 3851 ἀλλ’
485 3785 559 3852 οὐδ’
578 3786 728 3853 ἀπειπεῖν
746 3787 869 3852 πόνου(
888 3783 959 3851 οἷόν
976 3784 1010 3849 τ’
1028 3787 1111 3868 ἐμοί,

213 3934 367 4010 procacius
385 3934 454 3994 hinc
473 3954 564 4011 quam
583 3935 737 3996 sollertius
756 3932 872 3993 effinxit

391 4070 465 4137 ἀλλ’
484 4071 559 4137 οὐδ’
577 4071 728 4137 ἀπειπεῖν
747 4070 781 4151 μ’
799 4073 840 4152 ἦν
859 4071 981 4136 πόνου(
1000 4069 1072 4136 οἷόν
1095 4069 1130 4135 τ’
1147 4067 1226 4151 ἐμοί.

300 4218 365 4279 lam
389 4220 468 4279 si'in
491 4221 627 4296 pauculis
650 4222 771 4296 praeter
794 4238 830 4279 ea
853 4239 930 4295 quae
949 4219 1114 4278 adtulimus
1133 4218 1269 4278 minutiis
1288 4232 1376 4275 eman·

214 4308 359 4368 (latiorem
374 4310 537 4369 viderimus
550 4309 625 4387 Lm,
644 4309 750 4385 ecquid
766 4309 971 4369 dubitabimus
986 4308 1081 4384 ipsius
1096 4308 1151 4368 hoe
1164 4307 1265 4383 potius
1284 4304 1375 4365 soller·

213 4399 273 4457 tiae
293 4417 382 4474 quam
402 4398 510 4457 codicis
530 4399 687 4475 archetypi
705 4398 907 4475 praestantiae
927 4397 1083 4457 tribuere?
