3050 5109
209 218 274 284 308
313 173 316 178 Ι
674 214 798 273 Evaldns
816 214 923 270 Bruhn:

211 391 295 448 1221
343 384 395 448 Θε.
424 382 528 461 ὀρθῶ(
547 384 605 461 μὲν
623 382 680 462 ἥδε
700 382 848 461 (υμφορὰ
866 380 1047 460 δακρύεταη

333 473 393 537 Ἑλ.
422 473 458 537 ἐν
477 471 607 551 εὐμαρεῖ
625 476 706 548 γοῦν
725 474 782 551 (ὴν
801 472 989 550 καειχνήτην
1009 472 1127 533 λαθεῖν.

422 566 533 627 θανεῖν
551 566 641 643 codd,
660 584 734 625 corr.
753 565 857 626 Iacobs

209 714 311 770 tamen
325 709 520 785 speculatoris
534 708 617 767 illius
632 707 811 767 Graecinum
826 706 1035 781 reminiscitur,
1054 706 1079 765 is
1095 724 1134 763 an
1146 704 1227 763 idem
1246 704 1294 779 sit,
1311 721 1383 779 quo-

210 819 277 859 cum
290 798 407 858 Helena
420 800 570 874 loquutur,
584 816 643 856 non
658 795 786 855 dubitat.
813 796 881 854 Non
895 797 1092 871 generaverat
1106 795 1239 869 profecto
1254 793 1383 851 Proteus

210 882 338 947 ἐοικότα
351 884 447 947 τέκνα
461 886 616 960 γονεῦειν.
646 886 702 945 Sed
718 905 756 945 ne
771 886 874 943 ludere
888 885 991 944 videar
1010 900 1142 943 causam:
1163 884 1188 942 si
1206 882 1272 958 quis
1291 882 1382 942 oredi-

210 977 289 1035 derit
308 976 370 1036 sine
389 977 453 1035 ulla
471 995 562 1035 causa
575 975 748 1049 Euripidem
767 975 889 1033 fabulae
908 991 979 1032 suae
996 973 1161 1032 inlaturum
1180 972 1273 1031 fuisse
1291 972 1384 1035 talem

211 1065 449 1141 discrepantiam,
463 1067 584 1140 promat
597 1064 718 1138 similia,
733 1063 853 1122 interim
868 1063 985 1138 negabo
1000 1070 1031 1120 et
1042 1062 1091 1121 hic
1101 1080 1220 1138 quoque
1233 1061 1385 1137 requiram

211 1154 397 1215 reconditum
416 1155 537 1229 aliquod
554 1156 662 1229 poetae
680 1152 847 1212 consilium.
884 1151 1035 1211 Confiteor
1052 1155 1154 1210 antem
1173 1169 1220 1209 me
1238 1168 1297 1208 non
1321 1149 1386 1207 sine

210 1244 274 1302 risu
299 1244 402 1302 audire
426 1242 536 1303 bonum
561 1230 745 1318 Aegyptium
773 1240 917 1300 Draconis
941 1244 1043 1316 partes
1066 1242 1222 1316 gerentem
1247 1257 1301 1298 nec
1321 1237 1386 1297 sine

211 1331 361 1409 grauitate
386 1335 481 1391 semet
503 1332 601 1408 ipsum
624 1333 829 1402 accusantem,
852 1330 931 1405 quod
954 1347 1014 1388 non
1037 1348 1139 1390 omnes
1167 1327 1300 1387 homines
1328 1328 1385 1384 im·

210 1422 320 1496 probos
336 1421 439 1480 statim
453 1421 598 1496 supplicio
613 1420 741 1479 adficiat.
772 1418 944 1477 Videndum
961 1418 1055 1495 igitur
1073 1437 1112 1478 an
1131 1418 1179 1475 hic
1193 1419 1288 1476 lateat
1300 1417 1387 1493 illud,

160 1509 163 1512 ’
213 1511 297 1569 cuins
317 1528 407 1570 causa
424 1510 503 1568 hunc
521 1511 619 1569 locum
637 1508 772 1569 Helenae
790 1508 949 1583 Euripides
967 1507 1136 1566 inseruerit.

301 1597 422 1658 Orestes
446 1598 627 1674 Sophocleus
655 1597 708 1657 nbi
735 1600 888 1657 mortuum
915 1615 946 1655 se
974 1615 1039 1655 esse
1064 1596 1273 1673 paedagogum
1297 1593 1388 1654 iussit

212 1688 367 1762 nuntiare,
385 1687 551 1747 infaustum
570 1706 656 1746 omen
674 1687 719 1746 ita
736 1687 859 1747 avertit:

270 1831 316 1891 El.
336 1832 377 1890 59
424 1826 453 1889 τί
473 1824 534 1903 γάρ
553 1846 591 1903 με
610 1828 705 1888 λυπεῖ
723 1821 824 1902 τοῦθ’,
843 1823 923 1888 όταν
942 1823 1030 1907 λόγῳ
1050 1823 1159 1888 θανῶν

336 1922 378 1979 60
423 1914 540 1993 ἔρχοια
560 1917 652 1978 (ωθῶ
670 1912 905 1991 κάξενέγκωμαι
923 1914 1030 1994 altor,

425 2007 512 2068 δοκῶ
531 2005 588 2083 μὲν
608 2002 704 2068 οὐδὲν
723 2002 806 2082 ῥῆμα
826 2004 881 2067 (ὺν
899 2003 1002 2080 κέρδει
1022 2000 1129 2066 κακόν.

424 2093 493 2172 ἤδη
513 2092 582 2172 γάρ
602 2090 708 2156 εἶδον
727 2091 911 2156 πολλάκι(
931 2092 1093 2154 καὶτοὺ(
1108 2091 1252 2169 (οφοὺ(

425 2181 526 2265 λόγῳ
546 2181 665 2260 μάτην
685 2186 931 2266 θνῄ(κοντα(·
951 2177 1021 2245 εἶθ’
1041 2179 1133 2244 ὅταν
1154 2179 1297 2257 δόμου(

425 2270 586 2336 ἔλθωαν
605 2270 724 2350 αὖθιε,
744 2270 1007 2348 ἐκτετίμηνται
1027 2270 1154 2333 πλέον.

336 2365 377 2424 65
424 2358 468 2422 ῶ(
486 2357 561 2437 κάμ’
580 2360 713 2438 ἐπαυχῶ
731 2363 824 2439 τῆεδε
843 2364 899 2437 τῆ(
918 2361 1025 2438 φήμη(
1044 2356 1108 2422 ἄπο

426 2446 594 2528 δεδορκότ’
612 2448 739 2528 ἑχθροῖ(
758 2446 874 2527 άετρον
893 2447 938 2511 ῶ(
957 2447 1095 2526 λάμψειν
1114 2446 1169 2511 ἔτι.

425 2535 509 2614 ἀλλ’,
529 2535 555 2599 ὦ
574 2541 708 2619 πατρῷα
727 2542 768 2616 γῆ
787 2536 856 2601 θεοί
874 2534 907 2599 τ’
925 2537 1087 2615 ἐγχώριοι,

426 2627 555 2692 δέξαεθέ
575 2624 610 2705 μ’
628 2626 825 2704 εὐτυχοῦντα
844 2629 950 2690 ταῖεδε
969 2630 1039 2689 παῖ(
1058 2624 1161 2703 ὁδοῖε,

426 2715 462 2779 (ά
480 2712 513 2779 τ’
531 2713 558 2778 c
578 2720 729 2800 πατρῷον
748 2719 847 2793 δῶμα.
881 2795 883 2800 Α

214 2879 338 2957 Saepius
369 2877 490 2940 Orestes
523 2879 596 2940 dicit
627 2880 779 2957 sapientes
811 2880 902 2939 etiam
936 2880 1069 2939 homines
1103 2898 1134 2938 se
1167 2879 1277 2938 vidisse
1309 2899 1387 2939 mor·
1476 2890 1479 2895 ·
1523 2907 1524 2936 ι

212 2973 280 3030 tuos
303 2969 483 3046 perhibitus,
508 2970 578 3029 dein
599 2963 719 3029 domum
742 2988 879 3030 reversos
902 2969 1003 3045 ibique
1021 2967 1319 3028 honorificentissime
1338 2987 1388 3026 ex-

213 3061 326 3135 ceptae,
350 3058 380 3116 id
405 3059 483 3135 quod
506 3065 610 3119 verur'n
634 3077 693 3117 non
718 3060 772 3117 est.
811 3057 1009 3132 Contemptim
1031 3058 1185 3116 Menelaus
1208 3057 1388 3133 Euripideus

214 3148 332 3224 saepius
358 3147 513 3206 consilium
538 3149 633 3207 semet
655 3149 752 3222 ipsum
772 3148 925 3205 mortuum
943 3147 1102 3205 nuntiandi
1121 3146 1289 3206 adhibitum
1307 3147 1388 3220 dicit,

212 3255 303 3312 quam
320 3239 356 3295 ut
368 3236 438 3295 inde
453 3237 581 3296 salutem
596 3239 739 3310 speraret.
767 3235 891 3294 Irrideri
905 3235 1049 3295 concludo
1064 3238 1102 3294 ab
1117 3235 1260 3311 Euripide
1276 3234 1387 3311 Sopho-

213 3327 289 3385 clem
302 3329 439 3400 tempora
451 3326 678 3400 permiscentem
693 3325 877 3401 heroumque
897 3325 991 3399 aetati
1010 3324 1226 3384 attribuentem
1244 3344 1320 3401 quae
1334 3324 1388 3382 illa

212 3417 312 3475 aetate
330 3415 411 3473 facta
429 3433 489 3473 non
502 3414 576 3476 sint.

301 3502 488 3579 Quamquam
506 3504 593 3563 video
613 3503 758 3579 quosdam
778 3504 892 3579 inipso
912 3503 1013 3563 limine
1032 3494 1106 3561 mihi
1124 3503 1310 3563 obstaturos:
1340 3522 1388 3562 ex-

212 3595 384 3670 punxerunt
403 3592 482 3652 enim
502 3592 620 3652 eosdem
639 3592 716 3671 illos,
735 3592 772 3651 de
792 3592 901 3668 quibus
921 3592 1081 3669 loquimur,
1100 3592 1255 3669 Sophoclis
1284 3611 1389 3652 versus

212 3683 327 3759 primus
353 3672 435 3762 (narn
458 3681 586 3741 Adclfus
610 3680 728 3742 Schoell
751 3682 803 3740 ubi
829 3683 866 3741 de
892 3682 930 3740 iis
958 3682 1141 3757 exposuerit,
1167 3701 1227 3741 non
1254 3674 1388 3760 invenio)

212 3770 408 3831 Morstadtius
427 3763 532 3852 (Prog.
552 3770 681 3830 Sohaffh.
702 3773 788 3831 1864
807 3792 835 3847 ρ.
856 3763 906 3849 8),
925 3770 994 3830 dein
1013 3770 1185 3830 Wecklinus
1206 3763 1278 3849 (ars.
1298 3769 1388 3846 Soph.

213 3880 269 3920 em.
290 3855 377 3940 170).
413 3860 501 3918 Illius
520 3863 698 3937 argumenta
717 3860 769 3938 qui
787 3860 920 3936 noverit,
939 3863 973 3919 ut
989 3860 1162 3919 refutentur
1179 3879 1239 3919 non
1256 3861 1389 3935 postula·
1417 3884 1421 3892 ·

212 3950 270 4028 bit3
291 3950 365 4010 satis
384 3949 479 4010 habeo
499 3969 591 4008 unum
609 3949 827 4025 perstrinxisse.
863 3949 973 4008 Parum
993 3950 1072 4007 enim
1089 3953 1170 4008 recte
1190 3947 1327 4008 Orestem
1346 3948 1390 4007 ait

214 4039 310 4098 dicere
329 4034 390 4097 καὶ
407 4036 483 4097 τοὺ(
502 4035 636 4113 repete
656 4039 755 4115 ipsum
770 4057 888 4115 quoque
905 4056 970 4097 esse
985 4033 1097 4115 (οφόν,
1117 4040 1152 4097 ut
1165 4037 1218 4114 qui
1232 4036 1389 4098 consilium

213 4132 276 4187 tam
303 4126 444 4187 callidum
472 4129 695 4204 excogitaverit.
735 4127 852 4187 Nititur
875 4127 1014 4188 videlicet
1042 4128 1175 4187 ceratina
1198 4128 1389 4204 Euthydemo

213 4217 293 4276 haud
316 4215 440 4293 indigna
465 4216 496 4275 in
520 4236 554 4277 ec
573 4218 652 4293 quod
671 4212 773 4291 (οφό(
792 4221 822 4276 et
842 4218 960 4293 sapiens
980 4220 1026 4277 est
1045 4222 1075 4276 et
1092 4217 1237 4293 prudens3
1256 4217 1312 4276 hoc
1331 4217 1390 4275 sibi

213 4306 377 4366 attribuere
391 4308 511 4381 poterat
527 4304 657 4382 Orestes,
673 4326 733 4366 non
746 4306 820 4365 item
833 4306 916 4367 illud.
941 4306 1097 4366 Wecklino
1112 4309 1214 4366 autem
1228 4307 1390 4366 molestum

213 4394 332 4456 videtur
351 4390 484 4469 ἐπαυχῶ
503 4425 547 4436 -
568 4400 599 4455 at
618 4399 666 4455 est
684 4396 863 4456 adfirmandi
881 4396 972 4472 notio,
992 4415 1067 4472 quae
1086 4396 1115 4457 h.
1129 4397 1149 4454 l.
1168 4396 1339 4471 requiritur,
1357 4395 1389 4453 in
