3050 5109
184 227 249 291 316
282 223 287 229 ’
644 226 768 283 Eraldus
787 229 893 282 Brulrm

274 397 332 456 His
347 416 402 474 ego
417 398 454 457 de
468 398 565 457 causis
577 397 741 458 Ribbeckie
757 398 943 458 subscribere
957 406 1086 473 nequeo,
1101 398 1263 457 'videndum
1276 416 1355 457 nunc

185 489 232 547 est
246 486 283 545 de
297 489 430 562 tempore
440 487 579 548 Electrae
589 487 778 564 Euripideae.
803 489 860 547 Est
874 490 975 547 autem
990 506 1016 547 a.
1026 488 1091 548 413
1104 487 1199 547 docta.
1219 487 1355 547 Electrae

185 576 264 635 enim
283 577 416 670 versibus
438 578 655 636 1347-1356

329 709 331 713 ’
441 716 488 778 νὼ
508 712 540 778 δ’
560 716 612 780 ἐπὶ
631 714 753 779 πόντον
772 716 902 780 (ικελόν
921 719 1042 800 απουδῇ

421 805 579 886 ἐᾠεοντε
599 808 683 868 νεῶν
702 806 832 887 πρῴραε
851 803 995 868 ἐνάλουε.

441 893 494 956 διὰ
512 889 545 956 δ’
565 893 704 971 αἰθερία(
724 894 884 972 ετείχοντε
903 894 1025 957 πλακὸ(

321 987 406 1045 1350
438 987 506 1045 τοῐε
526 983 582 1060 μὲν
602 988 752 1061 μυταροῖε
771 983 829 1046 οὐκ
853 983 1069 1062 ἐπαρήγομεν,

442 1069 522 1135 οἷαν
541 1070 574 1134 δ’
593 1070 680 1136 dcccv
698 1074 750 1136 καὶ
769 1072 807 1134 τὸ
827 1071 949 1136 δίκαιον

442 1160 595 1239 φίλονέν
577 1160 725 1244 νβιότῳ,
745 1161 879 1225 τούτου(
899 1164 1051 1238 χαλεπῶν

442 1249 611 1313 ἐκλύοντε(
630 1250 759 1329 μόχθων
779 1252 928 1333 εῴῑομεν.

442 1338 545 1403 οὕτω(
557 1329 684 1404 ’ἀδικεῖν
704 1340 812 1418 μηδεὶ(
831 1341 951 1403 θελέτω

320 1432 403 1491 1355
438 1423 513 1506 μηδ
531 1427 690 1507 ἐπιόρκων
709 1430 789 1506 με’τα
808 1428 986 1506 (υμπλείτω

442 1516 555 1580 θεόε
536 1536 582 1580 υιν
602 1522 729 1595 θνητοῖε
749 1517 906 1596 ἀγορεύω.

400 1606 455 1669 Χο.
479 1605 618 1684 χαίρετε·
642 1606 763 1686 χαίρειν
783 1604 815 1670 δ’
834 1606 917 1671 dcccc
936 1607 1069 1671 δύναται

443 1695 493 1757 καὶ
512 1695 662 1778 ξυντυχίᾳ
681 1698 784 1775 μήτινι
802 1696 912 1774 κάμνει

443 1788 582 1862 θνητῶν,
602 1781 822 1868 εὐδαίμοναίί)
842 1785 978 1863 πράεεει.
1049 1797 1053 1801 ’

187 1931 357 1992 consolatus
381 1933 426 1990 cst
450 1931 609 2008 Euripides
635 1932 864 1991 Atheniensium
887 1933 1002 1992 animos
1029 1952 1088 1992 non
1112 1933 1207 1993 solum
1231 1933 1357 1992 Decelea

186 2012 320 2101 captaffl)
340 2020 483 2079 infractos
503 2012 611 2100 (Thac.
627 2020 756 2097 virm.
777 2012 842 2102 28),
861 2037 968 2082 verum
987 2018 1077 2081 ctiam
1095 2026 1220 2098 propter
1238 2023 1356 2097 expedi·

185 2110 298 2169 tionem
308 2109 436 2168 Siculam
451 2110 530 2167 inter
544 2129 627 2185 spem
641 2113 815 2186 metumque
830 2111 916 2169 anxie
926 2111 1120 2184 fluctuantes
1133 2112 1195 2170 iam
1208 2114 1357 2169 remotum

187 2217 253 2258 esse
271 2200 309 2258 ab
328 2198 454 2273 imperio
473 2217 554 2269 eum,
575 2199 627 2274 qui
644 2198 719 2258 iuris
739 2200 858 2259 iurandi
876 2200 1053 2275 religionem
1070 2200 1256 2271 violavisset,
1276 2199 1356 2259 Alci·

186 2288 316 2363 biadem3
336 2288 395 2344 iam
415 2288 504 2346 classi
522 2288 559 2345 ab
578 2288 663 2364 impii
681 2289 810 2348 hominis
829 2289 995 2364 pollutione
1009 2290 1155 2349 liberatae
1171 2289 1241 2348 deos
1255 2292 1355 2364 patro·

188 2377 338 2436 cinaturos
356 2376 548 2452 ipsorumque
567 2377 691 2436 consilia
714 2373 753 2435 ad
771 2378 889 2437 felicem
907 2382 1047 2437 eventum
1070 2382 1263 2452 provecturus
1283 2397 1356 2437 csse.

276 2463 372 2535 Quam
383 2466 563 2524 sententiam
573 2466 736 2524 multorum
745 2467 921 2526 adsensione
930 2468 1087 2542 probatam
1096 2458 1135 2547 68)
1151 2487 1210 2526 non
1220 2466 1356 2526 existimo

188 2573 258 2615 vere
276 2554 440 2613 refutatam
460 2572 525 2613 esse
543 2554 580 2614 iis
601 2573 678 2631 quae
696 2556 727 2613 in
746 2556 926 2615 contrariam
940 2559 1058 2632 partem
1077 2555 1243 2631 disputavit
1257 2556 1357 2615 Ricar-

189 2644 244 2703 dus
263 2643 367 2718 Haupt
387 2635 516 2722 (Ztschr.
534 2644 555 2704 f.
574 2646 648 2703 cest.
666 2642 777 2721 Gymn.
798 2647 849 2721 24,
871 2648 935 2705 660
950 2639 1011 2723 ss).
1050 2644 1107 2714 Qui
1125 2645 1206 2721 quod
1224 2644 1357 2704 Siculum

186 2752 268 2792 mare
287 2752 347 2793 non
364 2734 463 2791 minus
481 2733 558 2792 bene
576 2751 666 2808 quam
690 2734 750 2793 alia
772 2735 919 2794 nominari
942 2734 1076 2810 potuisse
1095 2733 1181 2812 dicit,
1204 2734 1275 2809 qnia
1297 2754 1357 2794 non

187 2822 285 2881 minus
305 2840 395 2898 quam
413 2821 487 2880 alibi
499 2841 591 2882 nares
601 2821 722 2882 Atticae
740 2823 865 2883 fuerint:
884 2842 937 2882 cur
955 2825 1011 2883 hoc
1030 2824 1157 2882 manime
1171 2824 1357 2882 nominatum

188 2910 235 2989 sit,
253 2929 314 2969 non
332 2910 474 2988 explicat,
497 2912 575 2987 quod
595 2914 696 2970 autem
715 2912 834 2972 Horatii
852 2915 953 2972 monet
972 2905 1137 2988 ‘Myrtoum
1155 2906 1248 2970 mare'
1268 2915 1299 2971 et
1318 2912 1356 2971 si·

187 3000 271 3059 milia
289 3000 352 3059 sine
371 3000 435 3059 ulla
453 3018 544 3059 causa
562 3000 757 3078 appellantis:
777 3005 895 3061 constat
910 3020 981 3061 sane
1000 2995 1071 3060 ‘non
1085 3004 1151 3060 tuto
1166 3001 1276 3077 conligi
1289 3018 1357 3077 poc·

187 3092 234 3149 tas
249 3089 381 3165 Latinos,
400 3089 569 3166 ubicunque
588 3089 694 3165 topicis
712 3091 892 3167 nominibus,
911 3110 1037 3167 quorum
1053 3109 1158 3151 causas
1176 3089 1358 3166 ignoremus,

188 3178 321 3238 carmina
340 3197 394 3238 sua
413 3179 613 3251 ornavissent,
638 3182 755 3239 secutos
775 3198 840 3239 esse
863 3180 996 3258 incognit
997 3199 1031 3239 as
983 3179 1140 3239 tncbis
1158 3173 1358 3239 narrationes’

189 3261 241 3349 (M.
252 3267 365 3343 Haupt,
379 3267 439 3327 ind.
455 3268 558 3327 scholl.
573 3267 683 3327 Beroll
699 3287 770 3328 sem
785 3270 859 3328 aest
876 3270 971 3346 1864,
992 3260 1040 3350 6);
1059 3272 1192 3329 attamen
1206 3268 1359 3344 nonlicet,

107 3353 113 3363 '
188 3356 267 3433 quod
285 3357 322 3415 de
341 3356 438 3433 poetis
457 3356 573 3417 Latinis
592 3358 673 3417 recte
692 3358 810 3433 dicitur,
837 3358 869 3417 id
887 3360 925 3418 ad
943 3357 1049 3435 poetas
1069 3358 1198 3419 Graecos
1217 3357 1358 3418 continuo

260 3620 306 3685 66)
323 3615 425 3672 Versus
441 3621 580 3671 1357—59
594 3616 684 3687 inepti
702 3616 856 3686 aliquando
874 3620 939 3672 sunt
957 3616 1082 3674 iudicati
1114 3618 1169 3672 Sed
1183 3618 1246 3687 plus
1267 3617 1359 3671 inesse

188 3689 217 3742 in
236 3688 286 3743 illc
305 3689 456 3755 εὐδαίμονα
475 3706 560 3757 quam
579 3687 668 3743 solam
687 3688 833 3744 felicitatis
856 3688 1000 3745 notionem
1024 3689 1133 3744 monuit
1157 3705 1203 3742 me
1221 3688 1358 3743 Wilamo

188 3760 238 3813 wit
240 3759 305 3813 zius.
334 3758 406 3814 Vere
423 3776 486 3813 enm
500 3758 641 3813 monuisse
659 3761 724 3814 test'
716 3779 740 3814 ιο
754 3761 798 3814 est
813 3759 987 3830 Sophocles
978 3779 1007 3814 m
1023 3759 1176 3831 Antigona:
1197 3759 1360 3827 ευδαίμονεε

189 3831 240 3885 οἷει
260 3835 352 3884 κακῶν
372 3832 503 3896 ἀγευεποε
521 3831 599 3884 αίῶν.

261 3920 305 3987 67)
320 3919 480 3974 Hccutnon
489 3922 684 3974 extraomnem
695 3918 900 3975 dubitationem
913 3920 1045 3990 positum,
1057 3920 1359 3989 itaperqnamestpro-

188 3990 290 4045 babile.
314 3989 455 4045 Electram
465 3990 539 4044 enim
549 3989 701 4045 verisimile
716 3995 759 4045 est
772 3991 846 4046 inter
859 3993 931 4061 Elap
932 3991 1090 4116 heboliAonis
1105 3993 1164 4046 dies
1177 3991 1241 4045 VIII
1251 3991 1358 4058 etXIll,

190 4065 297 4116 certum
315 4078 371 4115 non
390 4065 454 4115 ante
426 4060 691 4116 tGamolionisd
706 4061 772 4115 VIII
760 4063 857 4116 Itdoc
845 4065 904 4116 tam
924 4080 992 4117 esse
1020 4062 1108 4132 Atqui
1126 4070 1178 4118 τοῦ
1196 4066 1265 4131 door
1279 4064 1360 4118 εὐθὺς
1400 4106 1403 4112 .

190 4135 344 4201 ἀρχομένου
363 4136 499 4203 πρῶτατα
516 4135 724 4200 Λακεδαιμόνιοι
738 4135 871 4200 ἑεέβαλον
896 4134 1359 4205 (Thuc.VlI,19),undoquam·

189 4222 274 4272 quam
292 4207 399 4259 certum
418 4207 528 4273 tempus
552 4205 652 4259 deduci
674 4205 773 4273 nequit
797 4206 843 4274 (f.
865 4178 1077 4261 Wilamowitzii
1098 4205 1358 4275 curr.'I'hucc.19),

190 4276 274 4331 solito
293 4279 388 4331 tamen
407 4275 544 4330 maturius
563 4276 703 4346 profectos
723 4293 783 4331 csse
805 4277 1039 4334 Lacedaemonios
1058 4277 1241 4333 concluditur.

262 4368 309 4435 66)
326 4365 379 4420 Rei
398 4382 537 4420 summam
555 4366 666 4421 viderat
683 4366 788 4421 Bodius
808 4368 920 4435 (Geseh.
939 4369 965 4423 d.
980 4367 1048 4422 hell.
1062 4366 1175 4424 Dichtk.
1194 4360 1230 4434 2,
1242 4374 1264 4434 l,
1283 4369 1359 4435 404);

193 4437 316 4509 reliquos
334 4437 460 4494 inuenies
478 4436 617 4493 indicatos
636 4456 680 4508 ap.
695 4437 836 4506 Weilium,
856 4438 925 4509 Sept
943 4440 1052 4510 traged.
1072 4438 1194 4507 d'Eurip.
1214 4456 1241 4508 p.
1252 4443 1312 4496 568.
