3050 5109
395 223 631 280 lucubrationum
649 223 865 294 Euripidearum
883 222 979 294 capite
996 225 1110 281 selects.
1271 225 1337 290 295

166 396 199 454 in
217 398 350 454 mentem
368 395 470 455 venire
488 395 621 470 potuerit
638 395 738 469 aptius
756 394 887 469 primum
909 397 1012 470 petere
1032 393 1183 470 Orestem,
1206 394 1275 453 dein
1293 413 1339 454 rc·

168 484 315 561 spondere
340 483 525 561 Apollinem:
552 504 612 544 non
640 483 818 544 crediderim
844 483 911 544 ideo
939 485 1060 544 abillis
1088 484 1142 543 hos
1169 502 1275 544 versus
1303 484 1340 543 de

170 574 286 633 familis
304 574 458 635 submotos
478 592 552 633 esse.
581 574 715 632 Eatenus
733 591 793 632 non
811 575 895 633 recta
913 576 1031 633 tantum
1050 573 1157 648 omnis,
1176 574 1229 633 sed
1248 573 1339 632 admi-

166 662 288 722 rabilia:
317 663 464 723 oernimus
490 662 660 739 Apollinem
686 663 869 722 Mercurium
892 661 1030 723 Orestem
1058 663 1193 722 dextram
1220 666 1340 739 proten·

167 753 301 830 dentem3
314 753 376 812 leni
389 751 528 829 adloquio
543 751 686 828 supplicis
696 752 830 811 animum
838 751 947 828 Apollo
963 753 1060 827 erigit
1076 751 1221 811 sedidem
1234 752 1339 829 primis

166 842 267 903 verbis
286 844 388 902 monet
407 840 542 902 Orestem
562 840 664 918 fnisse,
683 860 750 901 cum
769 841 824 901 deo
843 840 941 918 magis
959 840 1121 901 confideret
1139 832 1190 921 (ef.
1200 840 1287 900 Eum.
1297 843 1339 900 64

380 978 471 1045 οὔτοι
494 980 666 1058 προδώεω,
685 978 738 1044 διὰ
755 980 870 1044 τέλουε
889 980 925 1044 δέ
944 998 992 1043 cor
1011 978 1117 1057 φύλαξ

380 1069 477 1146 ἐγγὺς
495 1068 661 1148 παρεετώε
676 1120 682 1133 .
700 1119 730 1133 ..

168 1185 198 1242 et
217 1181 289 1244 Oho.
304 1183 366 1242 261

381 1283 471 1349 οὔτοι
490 1283 650 1364 προδώεει
668 1282 783 1350 Λοξίου
803 1283 997 1361 μεγαεθενὴε

330 1371 547 1458 ’ΜΝ

168 1524 321 1582 servatum
339 1521 377 1579 iri
396 1519 734 1597 spondet‚1tit‚etamen
758 1519 915 1578 utstatim
934 1518 1140 1594 requieturum
1161 1521 1261 1619 neget.
1297 1519 1340 1578 At

167 1630 238 1671 vero
259 1609 348 1671 Orest
335 1613 381 1670 tes
404 1611 478 1669 adeo
502 1609 662 1668 Furiarum
685 1565 794 1668 tiniore
816 1609 973 1684 perculsus
997 1610 1056 1679 est,
1080 1609 1127 1682 ut,
1150 1606 1208 1666 nisi
1231 1608 1269 1666 ab
1291 1607 1339 1666 his

166 1700 321 1777 liberetur,
339 1700 414 1759 nihil
432 1697 536 1759 auxilii
554 1698 714 1802 latumt
665 1702 714 1758 rat
715 1716 760 1775 us,
779 1716 864 1773 quaer
856 1697 953 1755 nibil
967 1695 1085 1756 omnino
1100 1695 1211 1757 duent
1219 1697 1338 1773 Apollo

166 1789 305 1867 incipiat:

315 1897 356 1956 85
381 1889 460 1956 ἄναξ
478 1888 653 1968 Ἄπολλον,
671 1887 763 1954 οῑιθα
781 1890 840 1968 μὲν
857 1888 895 1952 τὸ
915 1890 955 1967 μὴ
975 1885 1110 1952 ἀδικεῖν

380 1980 451 2045 ἐπεὶ
469 1977 502 2043 δ’
521 1979 643 2061 ἐπίετᾳ,
663 1978 715 2043 καὶ
732 1978 771 2041 τὸ
791 1980 831 2058 μὴ
851 1975 983 2057 ἀμελεῖν
1001 1976 1093 2055 μάθε·

380 2070 491 2135 εθένοε
509 2069 545 2132 δὲ
564 2072 671 2133 ποιεῖν
690 2067 726 2132 εὖ
745 2068 930 2146 φερέγγυον
949 2067 987 2131 τὸ
1006 2064 1071 2131 (όν.

167 2218 225 2278 Sed
244 2236 321 2294 quae
340 2219 481 2278 secuntur

382 2336 544 2416 Μμνηεο·
564 2336 604 2415 μὴ
624 2335 728 2415 φόβοι
747 2354 779 2399 cc
799 2332 916 2399 νικάτω
935 2334 1058 2413 φρέναε

167 2505 237 2547 πονο
251 2485 376 2545 Luxiam
394 2484 527 2559 sapiunt:
501 2476 730 2542 tMemento'
759 2480 868 2551 Quidt
854 2479 997 2541 tandem?
1024 2479 1098 2540 Idne
1113 2482 1191 2558 quod
1204 2482 1339 2557 proxime

168 2573 351 2636 antecessit?
384 2573 427 2633 At
445 2591 547 2633 curere
564 2590 624 2631 non
642 2590 802 2648 possumus
821 2569 995 2647 pronomine
1014 2570 1258 2631 demonstrativo.
1290 2570 1339 2629 An

167 2666 197 2724 id
223 2665 303 2741 quod
321 2662 458 2739 promisit
445 2659 571 2721 tdens?
608 2660 651 2719 At
669 2661 750 2719 aliud
771 2660 843 2735 quid
860 2659 1087 2738 intercessit‚u
1067 2659 1222 2719 utacrius
1246 2661 1338 2720 etiam

167 2754 238 2814 telis
257 2753 340 2814 notio
359 2751 552 2829 efflagitetur.
585 2748 736 2826 Quidquid
760 2749 909 2826 attigeris,
937 2742 1017 2807 ὅλον
1035 2748 1115 2825 quod
1138 2748 1224 2807 aiunt
1237 2744 1338 2808 ἕλκοι.

85 2897 90 2902 .
170 2843 228 2902 Sed
247 2846 348 2902 tamen
367 2860 403 2900 ea
421 2840 540 2900 demum
560 2857 636 2914 quae
655 2838 802 2898 medicine
829 2857 887 2896 non
907 2841 1008 2910 sanat,
1027 2837 1107 2896 ferro
1127 2837 1261 2897 sananda
1278 2840 1338 2896 tra·

168 2933 287 2992 duntur.
324 2929 515 2991 Probabilius
534 2927 639 3003 opinor
657 2927 867 2988 restituemus:

381 3045 611 3130 Μεμνήεομ’·
629 3048 649 3127 ἦ
668 3045 735 3127 φόβ
718 3051 773 3126 βο(
791 3065 825 3111 εε
844 3049 927 3129 νικᾷ
945 3064 1000 3109 τιε
1018 3047 1153 3125 φρέναε;

168 3200 255 3273 Quod
277 3217 454 3276 responsum
476 3198 553 3257 bene
577 3195 652 3254 mihi
674 3194 794 3256 videtur
812 3212 975 3272 congruere
993 3213 1062 3253 oum
1079 3193 1228 3269 Apollinis
1252 3195 1339 3254 mori-

166 3292 237 3351 bus:
266 3293 389 3350 austera
407 3287 537 3365 quadam
555 3285 704 3345 brevitate
722 3283 897 3360 respondet.
917 3275 1113 3343 Meminero'.
1150 3282 1228 3343 Dein
1244 3283 1339 3343 nobili

168 3379 309 3456 superbie
340 3377 470 3454 quaerit:
503 3368 608 3451 eoquo
635 3374 744 3433 timore
771 3373 872 3433 mente
894 3365 1056 3432 coneidisl’
1094 3370 1208 3432 Versus
1236 3375 1338 3432 sutem

167 3470 264 3528 forma
278 3470 401 3528 externe
414 3484 474 3524 non
487 3485 518 3526 r1
509 3462 697 3539 tuperande;
717 3463 861 3538 exemplis
876 3480 894 3520 a
908 3462 1041 3522 Porsono
1057 3461 1150 3537 praef.
1161 3461 1231 3522 Heo.
1244 3463 1285 3522 28
1296 3480 1337 3521 ss.

75 3547 847 3640 *mmmmmmmw

381 3672 464 3752 λέγ’·
489 3673 516 3737 εἰ
535 3673 570 3736 δὲ
591 3669 688 3736 πάντ’
707 3668 847 3752 εἴρηκας,
866 3672 941 3750 ἡμῖν
962 3669 1003 3735 αὖ
1022 3668 1124 3748 χάριν.

257 3821 447 3883 Oceanitides
458 3819 642 3896 Aeschyleae
656 3819 865 3879 consolatores
876 3818 1004 3877 amicum
1019 3815 1218 3877 acerbissimis
1229 3817 1338 3877 doloris

168 3912 297 3975 stimulis
311 3911 510 3972 excruciatum
525 3911 638 3985 quanta
651 3908 824 3968 Promethei
838 3926 941 3982 omnes
955 3905 1159 3967 misericordia
1175 3906 1254 3982 capti
1268 3907 1338 3983 sint,

166 4004 277 4066 vividis
295 4000 446 4063 coloribus
464 3998 640 4075 depingunt.

167 4148 264 4208 Ptom.
289 4145 353 4205 409
377 4136 528 4219 πρόπαεα
546 4132 579 4200 δ’
596 4136 658 4216 ἤδη
677 4134 811 4201 ετονόεν
829 4135 943 4200 λέλακε
962 4132 1054 4214 χώρα

292 4236 358 4294 410
382 4222 660 4309 μεγαλοεχήμονά’
678 4223 710 4289 τ’
728 4223 951 4306 ἀρχαιοπρεπῆ
969 4264 988 4274 -

379 4339 398 4367 υ
414 4337 434 4367 υ
451 4357 469 4366 -
487 4316 628 4381 ετένουει
646 4314 706 4379 τὰν
725 4314 784 4380 εὰν

382 4403 622 4486 ευνομαιμόνων
640 4425 675 4470 τε
693 4402 800 4486 τιμάν,
