3050 5109
394 220 633 277 Lucubrationum
652 221 865 293 Euripidearum
884 224 978 293 capita
997 224 1110 278 selecta.
1271 224 1338 287 219

165 394 222 468 τῆ(
236 388 346 467 Ἥρας.
374 391 438 457 lllis
453 393 554 450 autem
569 393 732 451 frustulum
751 391 897 452 contineri
916 392 1028 452 conicio
1036 384 1075 472 ³⁰)
1095 392 1199 452 scholii
1219 392 1338 453 omuino

163 482 276 542 diuersi
300 482 378 541 forte
402 482 524 540 fortuna
547 481 595 539 hic
623 481 805 542 inculcatum
829 484 861 540 et
883 484 927 541 ita
948 483 1011 540 fere
1031 477 1337 559 supplendum<b1a-

164 568 298 646 φέρεται
323 563 356 629 δ’
376 566 395 629 ὁ
414 613 421 629 .
437 616 443 630 .
459 565 493 648 .>
514 566 632 642 λέγων·
651 564 735 631 dcciv
754 566 813 630 οὐκ
832 564 962 632 ἄπωθεν
980 570 1046 632 τῶν
1066 568 1240 649 Μυκηνῶν,
1263 564 1338 631 ἀλλ’

164 656 197 722 ἐξ
227 655 377 719 ἀπόπτου
406 654 554 734 φαίνεται
579 655 638 737 <rb
662 654 801 736 Ἄργοε>
826 660 844 720 1.
869 680 893 719 6.
934 661 1024 719 Falso
1048 660 1223 735 perhibetur
1245 660 1337 736 Argis

165 768 231 808 esse
246 750 453 826 paedagogus,
469 749 559 808 immo
575 747 745 809 aOorintho
756 749 944 825 proficiscens
954 769 1047 826 prope
1061 749 1148 809 abest
1162 750 1337 826 aMycenis3

163 840 217 898 sed
237 834 422 918 (quanquam
440 839 573 897 nondum
591 838 732 915 Mycenas
752 840 887 915 advenit,
910 840 1020 898 nedum
1038 838 1211 915 pervenerit
1228 839 1337 916 Argos,

163 922 280 1007 tamen)
304 928 341 987 de
364 929 428 987 loeo
452 928 531 986 elato
552 921 603 1005 (de
623 927 715 987 Trero
734 931 836 987 monte
856 919 1052 1010 descendunt)
1073 927 1149 1003 Argi
1166 932 1337 989 cernuntur.

163 1015 305 1076 Ceterum
324 1036 342 1075 a
359 1035 430 1077 vero
449 1018 582 1076 locorum
602 1017 663 1076 situ
681 1019 754 1077 haec
773 1018 935 1078 abhorrere
953 1018 1045 1094 probe
1064 1017 1134 1077 scio.

252 1106 443 1167 Revertimur
471 1106 508 1165 ad
536 1106 723 1183 Iphigeniam
752 1106 918 1166 Tauricam.
956 1105 1093 1165 Vidimus
1121 1106 1153 1165 in
1180 1106 1333 1167 orchestra

162 1196 261 1271 primo
284 1197 429 1272 adparere
449 1193 586 1255 Orestem
610 1198 641 1255 et
658 1196 812 1272 Pyladem.
849 1195 913 1256 Iam
932 1196 1053 1257 veroin
1078 1196 1228 1256 codicibus
1252 1198 1335 1256 extat

164 1276 314 1364 (simodo
335 1285 462 1362 Ziegleri
481 1284 560 1345 curis
579 1285 677 1344 tertiis
696 1284 770 1344 fides
788 1277 957 1364 habenda):

531 1421 658 1501 πότεραΙ
673 1420 831 1501 δωμάτων
850 1422 931 1502 πρὸ(
954 1422 1102 1502 opacent

375 1511 598 1592 ἐκβηεόμε(θα;

161 1676 244 1746 Quae
264 1676 383 1754 egregie
403 1676 562 1736 concinunt
584 1695 649 1734 eum
674 1674 711 1734 iis
734 1693 812 1752 quae
830 1673 926 1735 adhuc
945 1676 1173 1751 disputavimus.
1210 1677 1334 1747 Quaerit

160 1766 301 1825 videlicet
314 1763 447 1825 Orestes:
467 1765 575 1825 Utrum
591 1765 628 1823 ad
642 1764 749 1840 templi
766 1760 861 1824 scalas
877 1763 1066 1842 egrediamur
1078 1760 1128 1848 (ex
1143 1761 1333 1848 orchestra)?

161 1855 303 1914 Alterum
320 1855 566 1930 interrogationis
584 1855 750 1913 membrum
770 1854 905 1913 adfertur
922 1853 954 1912 in
971 1874 999 1914 ν.
1021 1857 1093 1914 102.
1301 1859 1306 1870 ’

249 1943 315 2003 Iam
333 1947 368 2002 ut
386 1944 423 2002 ad
442 1943 558 2020 reliqua
576 1943 727 2003 accedam:
745 1944 822 2002 illud
841 1943 990 2019 deprecor,
1009 1963 1055 2016 ne,
1075 1944 1216 2021 quicquid
1234 1944 1266 2003 in
1285 1945 1331 2004 his

161 2034 299 2093 versibus
324 2032 489 2093 coniectum
513 2034 564 2106 sit,
590 2034 776 2092 dinumerem
794 2032 844 2092 161
862 2034 936 2092 adeo
954 2034 1105 2111 refellam3
1129 2054 1188 2110 quo
1211 2035 1331 2111 negotio

160 2123 191 2181 in
212 2123 428 2198 interpretibus
448 2121 667 2199 antiquioribus
687 2122 761 2181 satis
780 2122 883 2181 funeta
902 2124 948 2181 est
966 2122 1086 2182 Ioannis
1105 2122 1248 2200 Kviqalae
1266 2123 1334 2181 dili-'

159 2212 263 2288 gentio
287 2204 520 2292 (Sitzuugsberr,
545 2211 572 2271 d.
595 2211 671 2272 kaie.
694 2209 790 2270 Ahad.
816 2212 842 2271 d.
866 2211 1049 2271 Wisseirsoh.
1072 2232 1107 2270 zu
1130 2212 1232 2288 Wien,
1259 2212 1332 2288 phil.

160 2300 230 2360 hist.
249 2300 296 2359 Kl.
318 2303 374 2375 29,
395 2304 458 2360 214
475 2294 541 2381 ss.):
574 2319 630 2376 ego
657 2300 689 2358 in
715 2300 767 2358 illo
795 2319 853 2359 non
882 2298 1024 2360 detrecto,
1061 2300 1146 2370 Ouod
1174 2301 1253 2360 enim
1280 2302 1331 2359 ille

163 2391 286 2449 coniecit

700 2472 791 2537 duwe
811 2473 850 2537 ἂν
870 2473 928 2537 οὖν
947 2472 1100 2551 μάθοιμεν
1120 2472 1168 2555 ἂν,

373 2562 400 2627 εἰ
419 2562 636 2642 χαλκότευκτα
655 2566 777 2646 κλῇθρα
796 2563 947 2627 λύεαντε(
966 2565 1099 2641 μοχλοῖ(

322 2733 337 2760 0
373 2650 434 2716 ὧδ’
450 2653 549 2717 οὐδὸν
568 2651 681 2731 ἔτιμεν,
747 2719 750 2722 .

74 2843 82 2862 f
157 2818 189 2876 id
219 2817 292 2877 satis
322 2816 379 2876 erit
406 2820 485 2876 recte
513 2818 649 2876 vertisse:
679 2818 713 2875 ut
735 2817 890 2877 videamus
913 2808 987 2896 (οὖν
1010 2819 1128 2876 vertere
1151 2835 1210 2876 non
1233 2818 1329 2893 magis

159 2925 250 2982 quam
264 2907 440 2982 intellegere
454 2898 599 2984 possum),
619 2906 750 2965 simusne
765 2905 879 2965 foribus
896 2906 1025 2965 effractis
1039 2907 1131 2966 limen
1149 2906 1329 2985 ingressuri,

158 3014 265 3071 nempe
285 2996 409 3055 siseres
428 2995 608 3072 effregimus,
627 2990 727 3054 οὐδὸν
745 2991 862 3055 ἐειέναι
880 3013 998 3071 semper
1016 3013 1183 3071 possumus.

248 3084 325 3154 Ouid
351 3104 455 3145 uerum
483 3086 535 3161 sit,
563 3084 650 3143 modo
678 3084 742 3143 sine
771 3084 908 3159 opinione
931 3084 1135 3161 praeiudicata
1157 3086 1256 3144 locum
1278 3087 1329 3145 ad-

157 3173 313 3249 gredieris,
332 3174 413 3233 haud
427 3172 547 3232 difficile
560 3173 689 3233 inveniri
702 3192 791 3249 posse
805 3173 933 3234 uidetur.
961 3171 1092 3247 Orestes,
1107 3193 1196 3249 quem
1210 3193 1329 3234 necesse

158 3261 206 3321 est
219 3263 441 3322 meminerimus
456 3263 492 3321 de
506 3263 605 3322 salute
619 3263 777 3339 desperare
789 3256 830 3341 (ν.
843 3256 908 3344 77),
923 3264 960 3322 ad
974 3262 1130 3340 Pyladem:
1151 3263 1227 3333 Ouid
1242 3264 1330 3324 facia-

156 3351 246 3411 mus?
278 3352 325 3410 Iln
347 3353 497 3428 parietum
516 3352 579 3411 alta
597 3352 783 3428 saepimenta
802 3343 892 3431 (quae
911 3352 1072 3429 imaginem
1090 3347 1267 3428 rapiendam
1283 3354 1329 3412 in-

157 3431 305 3522 cludunt).
348 3441 377 3499 U
391 3462 458 3499 rum
486 3440 675 3517 egrediamur
702 3441 739 3499 sd
768 3442 873 3516 templi
901 3441 1016 3502 scalas?
1054 3439 1208 3510 Quomodo
1235 3441 1329 3518 igitur

158 3548 335 3607 cognoscere
359 3548 413 3589 nos
436 3547 523 3606 posse
547 3532 636 3606 putas
727 3533 852 3605 apparet
871 3531 974 3590 deesse
997 3530 1186 3589 enuntiatum
1208 3531 1329 3607 aliquod

157 3619 361 3679 subiunctum.
378 3619 519 3679 Delibera
528 3638 563 3678 ea
573 3636 649 3694 quae
660 3622 813 3679 secuntur:
828 3615 1074 3694 ἢχαλκότευκτα
1083 3618 1204 3698 κλῇθρα
1214 3615 1327 3681 tricav-

156 3724 209 3768 τε(
229 3707 377 3782 μοχλοῖς
399 3708 586 3768 desideratur
604 3712 635 3768 et
653 3708 777 3769 verbum
796 3708 922 3782 finitum,
940 3709 1019 3767 unde
1033 3708 1163 3785 pendeat
1178 3704 1328 3770 tricavrec

158 3800 189 3857 et
206 3798 374 3857 membrum
394 3798 524 3875 aliquod,
543 3798 589 3857 eui
608 3797 806 3873 praemissum
825 3799 866 3857 sit
881 3795 900 3874 ἤ
915 3800 964 3859 161
978 3792 1077 3858 ἄλλο(
1090 3799 1140 3859 161
1157 3798 1253 3858 simile
1272 3799 1328 3862 ali-

156 3887 236 3963 quid.
273 3887 330 3946 Illo
353 3880 399 3945 ὧν
419 3883 533 3947 οὐδὲν
552 3881 640 3962 ἵεμεν
659 3888 762 3948 eodem
781 3887 869 3947 modo
889 3887 1052 3947 desiderari
1069 3887 1170 3964 aliqua
1189 3889 1329 3948 docemur

156 3996 249 4051 eaque
277 3975 315 4035 ad
343 3976 499 4035 minimum
523 3978 595 4051 tria,
624 3996 700 4053 quae
729 3976 804 4037 scire
832 3976 873 4037 sit
899 3976 1100 4036 necessarium
1123 3976 1328 4038 adulescentes

156 4066 303 4141 templum
320 4064 495 4126 intraturos.
531 4066 576 4125 Ea
594 4069 696 4126 autem
714 4066 802 4126 facile
825 4066 1031 4125 inveniuntur:
1063 4067 1193 4141 primum
1216 4068 1329 4127 scilicet

156 4154 320 4215 verendum
339 4158 417 4235 erat,
434 4175 472 4215 ne
492 4156 557 4233 quis
578 4156 695 4215 adesset
712 4156 761 4216 vel
780 4156 941 4232 intemplo
959 4156 1007 4216 161
1026 4157 1150 4232 propter
1167 4156 1326 4233 templum,

230 4342 476 4468 daemonicorum
493 4342 652 4412 Michaelis,
676 4359 747 4411 quae
772 4344 816 4399 est
838 4345 882 4398 ὅτι
904 4345 1062 4413 protero,
1076 4343 1153 4414 quid
1177 4343 1230 4399 sibi
1249 4345 1326 4415 velit,

154 4431 212 4471 non
248 4430 365 4484 1111616.ν
