3050 5109
393 233 630 288 Lucubrationum
649 233 862 303 Euripidearum
881 233 977 302 capita
995 235 1107 288 selecta.
1271 235 1336 298 229

165 423 285 481 negare.
322 403 385 463 Nec
403 404 505 461 tamen
523 401 681 478 quisquam
700 402 793 462 latius
816 403 873 482 hoc
894 403 978 463 ulcus
998 404 1141 479 serpsisse
1167 405 1242 462 dixit
1265 409 1336 464 ante

165 493 349 553 Fridericum
369 490 617 553 Heimsoothium.
653 491 683 549 ls
702 494 806 550 autem
824 493 1001 551 acerrimum
1020 493 1109 552 huius
1128 494 1252 553 rationis
1271 494 1335 553 uin-

166 583 260 641 dicem
280 601 312 641 sa
330 583 484 658 professus
507 600 573 639 cum
593 580 748 656 Sophoclis
766 580 978 657 Euripidisque
1002 584 1067 641 tum
1090 583 1233 660 Aeschyli
1255 584 1336 643 locos

164 672 336 731 innumeros
362 672 405 730 ita
430 670 610 746 corrigebat.
652 669 847 730 Grammatici
869 671 902 728 in
925 671 1059 730 diversas
1082 675 1184 747 partes
1207 672 1337 731 discede·

166 762 250 820 bant:
279 761 331 819 alii
352 762 495 820 utendum
515 759 634 834 saepius
653 760 707 818 hac
725 760 843 818 ratione
861 760 1027 835 praefracte
1050 761 1214 837 negabant3
1242 762 1336 820 veluti

164 851 316 926 Hauptius
341 850 492 909 inridebat
517 868 620 908 eorum
643 850 811 924 conamina,
835 850 885 925 qui
908 850 1108 909 intermortua
1131 851 1277 909 vocabula
1300 869 1336 908 ex

165 940 330 1015 Hesyschio
355 957 480 999 conrasa
502 937 599 1015 poetis
619 936 741 997 Graecis
764 938 973 1012 obtruderent3
998 938 1241 1014 Wilamowitzius
1268 958 1335 998 con-

165 1029 304 1104 temptim
322 1028 472 1088 abiciebat
494 1021 667 1103 ‘panaceam
687 1021 988 1103 Heimsoethianam'3
1012 1027 1044 1085 in
1061 1027 1211 1103 Aeschylo
1230 1028 1336 1088 Kirch-

164 1117 249 1176 hoffii
272 1137 288 1176 e
307 1116 484 1177 coniecturis
503 1116 703 1176 Heimsoethii
727 1117 776 1175 vix
796 1117 857 1175 ulla
880 1116 1040 1177 invenitur.
1079 1117 1141 1174 Alii
1164 1136 1276 1176 novum
1293 1118 1335 1175 in-

164 1209 288 1266 ventum
311 1208 420 1283 plausu
444 1205 644 1280 excipiebant,
671 1206 756 1265 velut
780 1203 974 1265 Oberdickius
999 1210 1028 1265 et
1048 1205 1220 1265 Wecklinus
1244 1207 1336 1265 etiam

163 1315 242 1354 nunc
265 1296 297 1353 in
317 1295 465 1372 Aeschylo
492 1284 677 1354 emendando
703 1313 771 1353 cum
796 1294 897 1353 fructu
924 1295 999 1353 hanc
1025 1295 1103 1353 viam
1128 1295 1200 1353 iniri
1225 1295 1334 1354 dicunt.

163 1385 244 1443 Illud
267 1389 368 1444 tamen
391 1385 464 1442 mihi
489 1384 609 1443 videtur
632 1384 735 1459 utique
761 1384 981 1442 concedendum
1001 1403 1065 1442 esse
1089 1383 1235 1442 facilitate
1258 1386 1334 1443 tales

164 1474 349 1533 coniecturas
359 1492 418 1532 non
428 1472 638 1533 commendari.
656 1472 792 1531 Primum
802 1473 879 1531 enim
891 1473 1127 1548 superscriptum
1136 1473 1230 1532 fuisse
1244 1475 1334 1532 inter-

163 1566 385 1637 pretamentum
404 1563 597 1622 statuendum
617 1565 671 1636 est,
690 1561 759 1620 dein
777 1562 808 1619 id
826 1562 1018 1634 vocabulum,
1037 1563 1115 1638 quod
1133 1563 1171 1620 ad
1186 1563 1333 1637 explican-

164 1652 235 1710 dum
246 1651 485 1728 superscriptum
499 1655 587 1724 esset,
602 1651 640 1708 ab
651 1670 685 1710 eo
700 1651 855 1725 expulsum
870 1670 949 1727 esse3
963 1650 1047 1726 atqui
1060 1669 1166 1725 parum
1180 1652 1335 1726 probabile

162 1760 229 1800 esse
247 1742 290 1818 id,
315 1742 394 1818 quod
413 1745 448 1800 ut
471 1741 526 1798 fiat
544 1741 698 1815 complura
717 1733 913 1799 ‘coincidisse'
934 1740 1124 1799 statuendum
1145 1740 1199 1817 sit,
1222 1742 1334 1817 absque

163 1830 383 1889 mathematicis
399 1829 517 1890 scimus.
545 1828 690 1904 Requiras
710 1832 811 1887 autam
831 1829 868 1888 ab
888 1829 933 1899 iis,
953 1829 1004 1904 qui
1023 1830 1099 1887 hane
1111 1829 1259 1888 rationem
1274 1849 1334 1889 am-

163 1921 344 1996 plectuntur,
363 1920 499 1994 exempla
517 1918 594 1976 nnlli
613 1917 794 1978 dubitationi
811 1917 950 1977 obnoxia:
973 1918 1103 1990 videbis,
1126 1937 1216 1996 quam
1239 1937 1335 1994 pauca

162 2009 292 2084 proferri
309 2008 433 2084 possint.
462 2006 566 2066 Veluti
580 2006 763 2080 Wecklinus,
782 2008 854 2065 dum
868 2006 1052 2083 Aeschylum
1066 2006 1244 2067 Kirchhoffii
1258 2007 1333 2065 diiu-

162 2097 250 2172 dicat,
269 2098 355 2158 Eum.
376 2100 416 2156 69

323 2243 364 2300 68
384 2235 477 2318 ὕπνῳ
496 2238 646 2298 πετοῦται
665 2232 698 2297 b’
717 2233 749 2297 αἱ
768 2232 979 2297 κατάπτυττοι
998 2233 1089 2311 κόραι

384 2329 513 2402 γραῖαι
532 2324 690 2387 παλαιαὶ
709 2327 858 2401 παῖδες,
873 2321 923 2386 ol(
938 2323 977 2386 οὐ
996 2323 1140 2401 μίγνυται

325 2420 366 2479 70
385 2417 470 2479 θεῶν
492 2434 538 2476 τιτ
557 2410 629 2476 οὔτ’
648 2411 818 2491 ἄνθρωποτ
838 2411 913 2476 οὔτε
932 2414 991 2490 θήρ
1010 2433 1089 2476 ποτε

162 2580 306 2654 adparere
326 2580 405 2657 dicit,
425 2582 572 2656 quantum
589 2578 711 2637 intersit
723 2577 805 2636 inter
824 2596 889 2636 eam
908 2577 1007 2654 crisin,
1026 2597 1103 2655 quae
1118 2577 1200 2637 tricis
1214 2580 1333 2654 palaeo-

161 2669 313 2745 graphicis
331 2668 487 2740 inhaereat
506 2686 630 2744 eamque
650 2686 727 2743 quae
746 2672 891 2742 sequatur
902 2669 1057 2726 rationem.
1077 2666 1173 2743 Atqui
1186 2669 1265 2745 quod
1281 2669 1333 2727 ille

162 2757 307 2833 scriptum
326 2758 466 2833 opinatur
485 2757 523 2815 ab
543 2757 693 2832 Aeschylo
708 2755 942 2815 Valkenaerium
961 2758 1081 2815 secutus
1101 2753 1244 2817 Νυκτό(
1264 2774 1332 2816 πα-

163 2843 266 2905 λαιαὶ
286 2846 436 2919 solbet,
456 2846 486 2904 id
505 2849 609 2906 contra
626 2845 774 2904 rationem
794 2845 959 2905 coniectum
978 2864 1043 2904 esse
1061 2845 1135 2904 mihi
1153 2845 1273 2922 quidem
1292 2848 1334 2906 vi-

163 2936 251 2993 detur
274 2935 472 2995 demonstrari
498 2954 593 3010 posse.
632 2932 745 3003 Quodsi
770 2933 845 2991 illud
870 2935 1114 2993 demonstravero
1141 2935 1333 2995 scholiastam

161 3023 241 3082 idem
259 3025 339 3102 quod
357 3044 411 3084 nos
431 3024 574 3099 scriptum
592 3023 750 3095 invenisse,
770 3022 872 3082 statim
890 3026 1010 3099 praeter
1024 3024 1224 3083 coniecturam
1237 3024 1334 3100 ipsam

136 3109 139 3115 ’
161 3113 366 3172 coniciendum
385 3114 443 3173 erit
461 3113 608 3172 scholium
628 3112 738 3172 aetatis
757 3131 823 3172 esse
841 3112 1024 3172 recentioris.
1052 3113 1118 3171 Iam
1132 3132 1202 3172 vero
1217 3114 1242 3172 si
1257 3133 1334 3173 com-

160 3202 282 3278 probari
299 3203 433 3277 potuerit
451 3201 612 3262 admodum
631 3202 716 3260 docte
730 3200 890 3260 lectionem
904 3203 1047 3261 traditam
1061 3221 1080 3260 a
1094 3202 1254 3261 scholiasta
1269 3222 1333 3263 esse

161 3292 349 3366 explicatam,
363 3311 422 3351 non
437 3291 555 3365 adlatis,
574 3291 627 3350 sed
642 3293 719 3350 tecte
735 3291 910 3367 significatis
924 3294 1032 3367 poetae
1045 3291 1171 3350 alicuius
1186 3292 1334 3365 versibus,

160 3399 258 3440 nonna
276 3381 344 3456 ipsa
361 3381 439 3441 ratio
459 3400 494 3440 eo
512 3400 567 3441 nos
589 3381 691 3457 ducet,
717 3384 752 3440 ut
771 3399 829 3439 non
846 3381 884 3439 iis
904 3380 1089 3456 temporibus
1113 3380 1169 3440 hoc
1187 3381 1332 3440 scholium

160 3470 371 3547 attribuamus,
379 3459 488 3546 quibus
499 3470 700 3530 necessarium
710 3470 807 3528 visum
823 3469 864 3528 sit
877 3465 1010 3529 παλαιαί
1021 3469 1168 3545 explicare
1183 3471 1332 3546 adscripto

162 3559 294 3632 γραϊαιῖ)
325 3559 402 3618 Sunt
421 3563 523 3619 autem
536 3561 629 3620 verba
647 3559 826 3618 scholiastae
840 3559 927 3618 haec:
947 3555 1080 3618 πολιαὶ
1094 3553 1177 3632 γάρ’
1197 3559 1332 3619 παῖδε(

162 3643 283 3707 διὰτὸ
302 3646 407 3708 νέον·
430 3647 449 3724 ἢ
473 3646 583 3723 ἐπειδὴ
608 3641 723 3721 ἄγαμοι
747 3643 798 3706 καὶ
822 3644 977 3721 παρθένοι
1000 3642 1068 3707 εἰεί.
1091 3643 1129 3706 τὸ
1153 3642 1332 3709 ἀλλόκοτον

162 3734 198 3795 δὲ
218 3737 273 3810 τῆτ
292 3734 419 3812 φύτεω(
442 3734 495 3797 διὰ
512 3737 578 3797 τῶν
597 3732 753 3797 ἐναντίων
772 3732 1007 3811 τραγικώτερον
1026 3732 1172 3809 διατύρει.
1211 3736 1333 3796 Certum

162 3829 210 3885 est
228 3830 259 3885 et
277 3826 376 3886 labem
390 3828 573 3887 contraxisse
591 3826 667 3885 illud
682 3821 734 3885 διὰ
747 3822 785 3885 τὸ
800 3823 877 3886 νέον
896 3818 983 3906 (sunt
997 3826 1076 3884 enim
1086 3825 1194 3885 Furiae
1212 3828 1331 3903 generis

162 3916 286 3973 deorum
305 3911 497 3994 antiquioris)
517 3921 548 3975 et
566 3914 760 3991 explicatione
780 3934 868 3990 egere
887 3910 1011 3985 πολιαί;
1030 3915 1110 3973 unde
1129 3915 1208 3974 enim
1226 3935 1332 3975 canere

164 4003 269 4064 Furias
288 4005 409 4065 rescivit
427 4005 606 4064 scholiasta?
643 4004 725 4062 Haec
748 4008 850 4064 autem
876 4004 958 4063 clara
982 4005 1014 4063 in
1031 4004 1097 4064 luce
1118 4005 1217 4079 posita
1242 3991 1349 4064 erunt‘

162 4093 197 4153 cl.
215 4093 286 4155 Hes.
305 4094 405 4170 theog.
426 4095 491 4152 270
501 4112 524 4152 s.

322 4231 441 4309 Φόρκυϊ
460 4227 492 4294 δ’
512 4230 551 4294 αὖ
573 4230 662 4307 Κητὼ
683 4231 816 4308 Γραίατ
839 4231 909 4295 τέκε
930 4233 1166 4314 καλλιπαρῄους

321 4322 361 4386 ἐκ
379 4325 537 4398 γενετῆς
556 4319 706 4397 πολιάτ,
726 4320 783 4383 τὰ(
802 4321 840 4398 δὴ
861 4320 972 4398 Γραίατ
990 4319 1157 4383 καλέουειν

322 4408 476 4474 ἀθάνατοί
495 4430 530 4473 τε
549 4410 617 4475 θεοὶ
636 4409 733 4487 χαμαὶ
751 4408 920 4488 ἐρχόμενοί
938 4407 970 4473 τ’
989 4407 1162 4486 ἄνθρωποι.
