3050 5109
385 236 622 292 Lucubrationum
642 238 855 309 Euripideamm
875 242 968 311 capita
988 243 1101 299 selecta.
1264 245 1330 309 259

326 408 388 465 723
435 403 534 466 κακὸν
552 403 590 466 τὸ
611 405 694 482 λῆμα
712 403 790 468 κούκ
808 405 845 469 ἐν
863 404 1015 485 ἀνδράςιν
1032 407 1070 471 τὸ
1090 406 1154 472 ςόν.

243 524 394 604 ἀνδράςιν
412 524 513 610 Dap]
533 525 663 606 ἀνδράςι
681 533 745 591 ΡΒ.

323 658 387 716 803
435 651 644 730 ἐπιςτάμεςθα
661 656 762 716 ταῦτα

242 776 452 855 ἐπιςτάμεςθα
470 776 534 859 La]
554 776 745 856 ἐπιςτάμεθα
764 783 828 841 ΡΒ.

323 909 387 966 807
433 900 582 967 κάτοιςθα
605 899 663 965 [ιο2
681 907 832 967 κατοῖςθα
851 901 954 967 PBa¹.

299 1033 384 1092 1008
432 1027 531 1105 φίλον
550 1026 631 1104 πρὸς
650 1024 753 1105 ἄνδρα
773 1028 832 1105 χρὴ
853 1028 959 1103 λέγειν
975 1027 1167 1108 ἐλευθέρως,

432 1114 582 1196 Ἄδμητε,
602 1115 731 1194 μομφὰς
750 1114 783 1177 δ’
800 1116 859 1194 οὐχ
879 1115 943 1180 ὑπὸ
963 1118 1157 1195 ςπλάγχνοις
1177 1118 1272 1197 ἔχειν.

241 1240 370 1320 μομφὰς
389 1240 452 1323 La]
474 1240 600 1319 μορφὰς
618 1244 682 1305 ΡΒ.

297 1390 381 1448 1068
429 1380 456 1445 ὦ
474 1385 603 1463 τλήμων
622 1382 696 1459 ἐγώ.

238 1511 369 1589 τλήμων
388 1510 475 1589 Lab]
494 1512 616 1586 τλῆμον
634 1512 699 1571 ΡΒ.

294 1639 378 1697 1156
428 1633 553 1713 βωμούς
572 1652 606 1696 τε
626 1635 734 1696 κνιςᾶν
750 1631 927 1711 βουθύτοιςι
947 1639 1163 1728 προςτροπαῖς

240 1761 459 1837 προςτροπαῖς
477 1759 541 1836 La]
561 1760 760 1835 προτροπαῖς
780 1759 844 1819 ΡΒ.

238 1852 315 1922 Quid
334 1851 456 1911 censes?
475 1843 505 1909 ‘a
522 1850 553 1908 in
572 1849 763 1908 Alcestide
777 1851 893 1907 textum
913 1867 932 1906 a
947 1849 1113 1925 Byzantino
1127 1854 1322 1926 grammatico

148 1941 364 2018 interpolatum
383 1933 523 2016 praebet'
543 1934 658 2019 (Prius,
679 1938 773 2014 praef.
793 1937 857 1997 Alc.
876 1931 921 2018 I);
946 1958 1035 2013 quem
1053 1939 1084 1997 in
1103 1941 1239 1999 undecim
1258 1960 1320 2000 cor-

148 2031 277 2092 recturis
295 2029 467 2090 leviusculis
486 2027 723 2087 consentientem
741 2026 852 2086 videris
875 2046 943 2085 cum
966 2027 1043 2086 libro
1067 2029 1261 2104 interpolato,
1285 2031 1321 2089 ds

147 2120 212 2178 cius
231 2119 290 2178 fide
308 2138 405 2177 nonne
427 2118 645 2195 aliquantulum
665 2115 840 2175 dubitabis?

235 2208 314 2267 Nam
334 2208 487 2267 scientiam
507 2207 576 2266 huic
594 2206 717 2265 librario
736 2224 796 2264 non
814 2206 946 2265 defuisse
965 2205 1052 2264 facile
1071 2210 1118 2265 est
1141 2207 1178 2265 ad
1203 2207 1321 2266 demon-

148 2298 320 2356 strandum:
339 2297 404 2356 Alo.
426 2298 511 2357 1094

402 2416 447 2480 ὡς
467 2414 585 2496 μήποτ’
604 2413 706 2494 ἄνδρα
725 2415 821 2479 τόνδε
840 2414 981 2493 νυμφίον
1000 2418 1108 2478 καλῶν

151 2540 223 2622 Ἆαρ.
244 2542 289 2605 ὡς
309 2566 364 2606 scr.
384 2539 420 2604 L¹
440 2538 523 2606 ἴςθι’.
560 2545 716 2604 Eruditius
736 2545 828 2604 etiam
847 2545 911 2604 530

132 2639 136 2644 ¹
395 2665 424 2728 τί
444 2670 525 2744 δῆτα
543 2664 673 2739 κλαίεις;
693 2663 741 2727 τίς
759 2663 867 2742 φίλων
887 2662 905 2726 ὁ
924 2664 1104 2741 κατθανών;

233 2846 340 2923 φίλων
353 2844 417 2927 Ba]
433 2843 492 2908 οὖν
506 2847 531 2905 Ρ
545 2844 585 2923 ἦν
599 2847 624 2906 L
640 2841 753 2928 (fuerat
771 2846 914 2905 nimirum
932 2847 962 2905 in
983 2845 1003 2905 S
1022 2841 1068 2905 τίς
1087 2770 1147 2907 odd
1165 2849 1213 2907 vel
1232 2869 1319 2910 versa

143 2934 222 3016 vico)
241 2932 291 2996 ‘1st
310 2939 368 2998 del.
387 2934 428 3013 ἦν
447 2942 478 2997 et
501 2938 532 2995 in
551 2956 645 3013 marg.
665 2933 772 3010 φίλων
790 2929 857 2995 ποκ’
894 2935 976 3011 crgo
995 2936 1186 3012 excogitabat
1203 2940 1317 2998 coniec-

143 3032 241 3104 turum,
259 3047 325 3118 non
337 3026 522 3103 recipiebat?
554 3025 662 3102 Neque
680 3025 822 3085 credibile
841 3026 896 3083 hoc
914 3044 1011 3100 neque
1030 3045 1147 3084 verum:
1169 3029 1231 3087 737

401 3148 429 3212 εί
448 3146 481 3210 b’
500 3146 650 3212 ἀπειπεῖν
669 3151 749 3225 χρῆν
769 3166 806 3225 με
826 3145 972 3224 κηρύκων
991 3144 1054 3208 ὕπο

401 3239 460 3316 τὴν
479 3239 536 3316 ςῆν
555 3237 709 3318 πατρῴαν
729 3235 844 3314 ἑςτίαν,
864 3232 1004 3298 ἀπεῖπον
1024 3231 1064 3297 ἄν

232 3368 312 3442 χρῆν
343 3360 383 3443 Β]
413 3363 472 3441 χρή
503 3365 547 3424 aS
566 3381 595 3425 ν.
614 3364 681 3425 add.
700 3358 747 3423 L¹.
782 3367 901 3424 servato
930 3366 1054 3424 accentu
1079 3364 1338 3439 interpolationis·

143 3457 170 3515 h.
190 3458 209 3514 l.
229 3456 413 3516 convincitur
431 3455 455 3512 L
475 3458 509 3514 ut
528 3456 591 3514 883

608 3609 662 3689 μία
680 3610 742 3688 γὰο
762 3611 862 3690 mxc

145 3743 184 3802 sic
204 3739 245 3817 Σ;
264 3741 350 3815 ψυχῆ
370 3735 431 3814 γὰρ
451 3738 505 3813 μιᾶ
523 3739 547 3797 Ρ
566 3739 620 3813 μιᾶ
637 3737 698 3813 γὰρ
718 3739 805 3813 ψοχῆ
825 3737 858 3797 L.

231 3831 339 3889 Hiatus
359 3829 519 3889 admodum
538 3828 603 3886 Lum
621 3829 825 3902 offendebant3
845 3826 967 3902 scripsit
984 3826 1077 3902 igitur

254 3957 318 4014 120
363 3949 429 4029 ἔχω
448 3949 496 4013 ’πί
586 3974 640 4028 pro
730 3948 797 4026 ἔχω
815 3947 868 4011 ἐπὶ
910 3943 1001 4030 (falso

253 4045 318 4104 570
364 4039 411 4122 χῷ
585 4062 639 4119 pro
729 4036 819 4101 καὶὸ
908 4032 999 4119 (falso

253 4135 314 4193 391
364 4128 452 4206 χαῖρ’
585 4151 640 4207 pro
730 4131 822 4206 χαῖρε
906 4122 1014 4209 (recte)

253 4225 317 4282 920
363 4216 440 4299 udu'
588 4239 642 4295 pro
732 4212 861 4279 καλεῖτ’
906 4212 1025 4297 (utrum
1052 4221 1133 4277 recte
1161 4237 1199 4277 en
1227 4219 1311 4292 falso,

966 4306 1124 4367 diiudicari
1141 4302 1260 4389 nequit)

231 4403 316 4462 1082
362 4393 431 4458 κᾶτι
588 4417 643 4474 pro
733 4393 784 4457 καὶ
803 4391 849 4457 ἔτι
907 4388 1027 4477 (recte).

1043 4495 1097 4549 17*
