3050 5109
191 196 258 261 280
657 194 781 252 Evsldus
799 195 906 253 Bruhn:

191 365 316 426 tertium
332 366 404 444 quid
417 365 517 445 fuerit,
536 365 724 427 concluditur
738 386 754 426 e
773 366 873 427 verbis
887 359 1074 439 ἀνοίγοντες
1093 362 1196 428 πύλαε
1215 362 1370 445 εἰεβάεειε

192 473 227 517 τε
247 451 472 531 μηχανώμενοι
491 475 566 532 quae
585 474 644 515 non
661 459 726 515 tem
744 457 871 517 verbose
890 456 1086 532 expressisset
1099 457 1267 534 Euripides,
1287 459 1311 517 si
1329 461 1370 518 de

194 546 308 605 foribus
328 545 505 621 simpliciter
523 546 691 621 aperiendis
710 546 881 623 cogitasses
919 545 997 605 Hinc
1015 548 1077 607 tale
1096 546 1210 623 aliquid
1228 548 1299 606 olim
1317 548 1370 608 hie

195 634 340 711 seriptum
357 634 451 695 fuisse
470 636 616 711 suspicor:

619 755 742 834 πότερα
760 754 919 834 δωμάτων
937 756 1019 834 πρόε
1038 756 1185 836 ἀμβάεειε

407 844 630 926 ἐκβηεόμεεθα;
651 849 721 908 πῶς
740 844 780 909 ἂν
800 843 858 909 οὖν
877 844 1030 924 μάθοιμεν
1051 846 1098 925 ἂν,

407 933 480 1017 <μή
500 954 556 998 τι(
575 933 756 1013 πάρεετιν
775 932 904 1000 ἔνδοθ’
920 932 1051 1013 ἱεριῶν
1070 939 1157 1001 θεᾶε

408 1021 490 1103 μήτ’
509 1023 554 1088 αὖ
572 1043 628 1087 τιε
646 1023 735 1102 ἡμῖν
754 1023 868 1099 ἑγγὺε
887 1023 1110 1102 ἑγχρίμπτει
1131 1029 1289 1106 βροτῶν;
1377 1105 1382 1111 ¹

407 1111 502 1196 ἄλλῃ
521 1114 561 1176 δὲ
581 1115 659 1191 μῶν
678 1110 806 1177 ἑδώλι’
826 1113 961 1191 ἕξομεν
980 1115 1125 1194 περᾶν>

407 1204 426 1281 ἢ
446 1200 663 1281 χαλκότευκτα
682 1205 803 1286 κλῇθρα
822 1201 974 1266 λύεαντει
992 1205 1138 1281 μοχλοῑε;

409 1289 455 1356 ῶν
474 1290 572 1356 οὐδὲν
589 1289 685 1369 ἵεμεν.
719 1292 759 1370 ἢν
780 1288 812 1355 δ’
831 1288 1018 1366 ἀνοίγοντες
1041 1293 1145 1358 πύλαε

408 1384 583 1459 ληφθῶμεν
601 1378 751 1461 ελιβὰτειε
769 1401 805 1445 τε
823 1380 1060 1461 μηχανώμενοι,

409 1470 599 1548 θανούμεθα.

194 1636 261 1696 Iam
282 1635 364 1711 vide,
387 1652 475 1712 quam
500 1635 576 1695 bene
604 1635 760 1695 conveniat
778 1634 903 1712 Pyladis
922 1654 1110 1712 responsum:
1137 1637 1173 1696 de
1196 1639 1281 1697 noete
1305 1657 1370 1697 rem

195 1726 260 1785 fieri
272 1725 351 1803 voli3
369 1744 457 1785 nemo
471 1724 565 1803 igitur
584 1725 682 1784 aderit
698 1726 748 1785 vel
766 1724 793 1784 si
811 1745 887 1801 quae
907 1726 1045 1785 sacerdos
1063 1726 1144 1785 intus
1162 1727 1289 1804 habitat,
1304 1728 1370 1787 dor-

196 1923 300 1964 eorum
318 1903 464 1981 intererit,
483 1906 586 1963 ulrum
605 1905 725 1963 elsusse
744 1904 806 1963 sint
823 1903 903 1964 fores
921 1922 1023 1964 neone.

195 1994 260 2054 Alo.
281 1996 346 2055 760

410 2128 523 2210 duouc'
542 2130 702 2196 ὑλακτῶν·
722 2131 846 2211 [διττὰ
865 2128 897 2194 δ’
916 2130 961 2211 ἦν
980 2132 1071 2209 μέλη
1091 2131 1236 2197 κλύειν·

410 2218 429 2283 δ
448 2222 515 2300 μὲν
533 2220 603 2299 γὰρ
622 2221 721 2305 poe]
740 2223 807 2285 τῶν
826 2220 863 2285 ἐν
881 2219 1039 2301 Ἀδμήτου
1058 2224 1165 2285 κακῶν

197 2368 299 2428 Verba
317 2367 433 2429 uncinis
450 2368 567 2429 inolusa
585 2388 642 2428 om,
662 2366 691 2428 S.

197 2458 274 2519 Med.
294 2459 359 2519 394

411 2576 450 2643 ού
473 2578 534 2657 γὰρ
554 2576 596 2657 μὰ
614 2579 673 2657 τὴν
692 2578 876 2656 δέεποιναν,
895 2580 936 2657 ἢν
954 2576 1019 2654 ἐγὼ
1041 2577 1157 2657 [εέβω

411 2666 570 2746 μάλιττα
589 2667 743 2734 πάντων
761 2667 822 2732 καὶ
840 2666 1039 2748 ξυνεργὸν]
1060 2665 1209 2745 εἱλόμην,

198 2817 300 2877 Verba
316 2816 422 2875 notula
442 2832 498 2875 om.
517 2814 552 2875 E.

199 2906 288 2982 Soph.
302 2906 373 2965 Ant.
394 2906 435 2965 68

413 3022 543 3103 περιττὰ
560 3021 709 3102 πράττειν
730 3022 816 3104 [οὐκ
835 3022 914 3102 ἔχει
934 3026 1027 3089 νοῦν
1046 3022 1194 3089 οὐδένα.

289 3110 372 3179 Ἀντ.
409 3110 491 3178 οὔτ’
510 3112 554 3178 ἂν
573 3109 791 3191 κελεύεαιμ’
811 3110 890 3176 οὔτ’
911 3112 968 3191 ἂν,
988 3112 1020 3177 εἰ
1039 3114 1166 3178 θέλοι(
1184 3112 1240 3177 ἔτι

412 3201 622 3285 πράεεειν],
642 3203 720 3282 ἐμοῦ
739 3199 773 3278 γ’
792 3200 832 3268 ἂν
850 3202 954 3282 ἡδέυκ
973 3203 1077 3287 δρῶηε
1096 3203 1183 3283 μέτα.

199 3369 301 3430 Verba
319 3367 433 3428 uncinis
453 3369 558 3442 saepto
575 3386 633 3427 om.
651 3366 685 3427 L.

198 3460 310 3521 Ivanus
329 3457 465 3533 Mueller,
483 3456 576 3532 praef.
592 3455 696 3516 Galen.
715 3456 751 3516 de
770 3456 861 3532 ploce,
898 3455 989 3532 Hipp.
1009 3458 1039 3515 et
1057 3455 1135 3515 Plar.
1152 3458 1206 3516 16:
1230 3456 1372 3516 librarius

199 3548 308 3609 codicis
322 3547 354 3605 M
367 3547 416 3607 vel
435 3546 526 3605 etism
544 3545 673 3604 fortasse
693 3545 871 3622 exemplaris
890 3545 960 3605 huie
977 3544 1124 3621 propositi
1143 3545 1297 3605 vocabulis
1316 3547 1372 3605 eis·

199 3639 267 3698 dem
285 3638 335 3698 vel
354 3635 488 3696 eiusdem
503 3634 600 3694 exitus
615 3635 699 3695 brevi
712 3634 872 3696 intervallo
887 3654 906 3694 a
920 3635 1065 3710 scriptore
1079 3635 1216 3711 repetitis
1231 3635 1373 3712 deeeptus

200 3728 242 3787 ed
261 3726 371 3786 elium
391 3720 521 3799 ετίχον
539 3723 592 3783 ita
610 3724 812 3800 aberravit,
831 3727 871 3783 ut
887 3724 1080 3783 interiecta
1098 3723 1296 3784 omitteret.

288 3813 433 3874 Videmus
458 3814 489 3873 in
507 3812 644 3873 versibus
664 3813 837 3874 omittendis
856 3832 916 3872 non
935 3831 1052 3890 semper
1071 3813 1109 3873 ab
1127 3813 1213 3872 initio
1232 3832 1373 3874 versuum

203 3904 296 3966 ordiri
314 3903 462 3963 librarios.
500 3902 587 3976 Quod
604 3907 640 3963 ut
658 3922 712 3979 per
730 3922 762 3964 se
781 3902 918 3980 intellegi
940 3906 1072 3979 poteret,
1095 3902 1139 3962 ita
1157 3905 1222 3962 erat
1239 3922 1373 3978 praemo-

200 3994 344 4068 nendum,
369 4012 438 4052 eum
460 3992 533 4052 haee
555 3992 693 4052 medendi
714 3994 793 4052 ratio
816 3992 873 4052 uisi
891 3992 1044 4051 rarissime
1063 4012 1082 4052 s
1099 3991 1302 4069 grammatieis
1321 3994 1372 4052 ad·

200 4083 298 4232 giberi
319 4100 379 4143 non
403 4082 507 4143 soleat.
544 4083 601 4142 Est
623 4085 737 4157 lemen,
760 4081 813 4141 ubi
837 4100 997 4142 eocarere
1020 4100 1081 4142 non
1106 4082 1268 4157 possimus:
1301 4082 1372 4142 Eur.

227 4194 252 4237 r.
272 4175 313 4233 29

413 4290 515 4355 πείθει
534 4287 567 4354 δ’
584 4287 736 4371 Ὀρέετην
754 4288 874 4371 μητέρ’,
893 4292 913 4371 ἥ
933 4287 990 4370 αρ’
1009 4290 1156 4366 ἐγείνατο

326 4387 369 4446 30
414 4383 546 4461 κτεῖναι,
566 4381 646 4461 πρὸ(
665 4380 726 4461 οὐχ
744 4380 890 4447 ἅπαντα(
909 4379 1056 4446 εὔκλειαν
1075 4381 1194 4460 φέρον·
