3050 5109
386 228 860 299 Lucubrationumnuripidearum
879 230 974 300 capita
992 231 1105 287 selecta.
1266 233 1333 297 285

163 397 344 460 Obseruauit
361 398 520 459 Porsonusss
555 398 708 459 Conclusit
725 400 805 458 idem
824 420 877 475 pro
897 396 1000 460 πύλα(
1018 400 1167 467 invenisse
1185 402 1217 459 in
1236 420 1333 460 exem·

158 489 237 565 plari
261 508 314 548 suo
338 488 518 548 Graeculum
542 484 672 566 λόγου(;
696 489 898 549 coniecturam
921 490 1052 550 firmavit
1074 490 1197 549 laudato
1215 490 1324 549 Heliod

158 579 249 638 Aeth.
267 578 295 655 Ι,
317 581 349 636 8:
368 573 402 637 τί
421 577 539 637 ταῦτα
558 579 677 638 κινεῖ(
695 572 1011 653 κὰναμοχλεύει(;
1035 579 1132 639 τούτο
1152 577 1190 653 δὴ
1209 575 1247 638 τὸ
1266 578 1332 639 τῶν

158 666 336 745 τραγῳδῶν
355 669 387 725 et
404 666 456 725 Ar.
476 667 554 726 Nub.
577 670 660 727 1399

320 788 375 852 (ὸν
395 785 492 864 ἔργον
511 784 537 849 ὧ
557 791 676 852 καινῶν
695 787 823 864 λόγων
841 790 973 866 κινητὰ
992 790 1052 851 καὶ
1071 790 1261 866 μοχλευτὰ

319 876 420 941 πειθώ
440 896 512 940 τινα
530 881 649 960 Ζητεῑν,
669 875 759 940 όπυι(
779 877 881 943 δόξει(
901 879 1007 954 λέγειν
1027 877 1138 941 δίκαια.

160 1023 358 1084 Crediderunt
388 1024 444 1083 hoc
475 1023 608 1084 Porseno
636 1023 805 1082 Boeckhius
836 1017 887 1098 (de
916 1028 993 1099 trag.
1022 1023 1125 1082 Graec.
1153 1024 1240 1100 prim.
1268 1044 1331 1101 cap.

158 1107 246 1194 XIII)
271 1113 462 1173 Hermannus
488 1104 540 1193 (ad
564 1113 670 1172 Elmsl.
692 1112 770 1171 Med.
798 1108 894 1190 1362)
920 1113 1102 1172 Matthiaeus
1129 1106 1195 1189 (qui
1221 1133 1332 1174 novum

159 1203 299 1280 produxit
317 1205 426 1262 testem
445 1202 546 1277 script.
561 1221 647 1262 anon.
662 1221 708 1276 ap.
722 1201 861 1261 Bustium
876 1221 921 1277 ep.
935 1221 975 1261 cr.
993 1204 1054 1262 184
1071 1199 1144 1273 λέγε
1159 1203 1332 1277 τοιγαροῦν

158 1288 209 1352 καὶ
225 1290 265 1367 μὴ
280 1286 364 1370 πρόῃ
379 1287 437 1351 τὸν
451 1288 562 1365 καιρὸν
580 1287 660 1365 ἡμᾶ(
680 1307 714 1350 τε
733 1288 945 1365 γλιχομένου(
965 1291 1076 1365 μαθεῖν
1096 1289 1136 1365 μὴ
1156 1288 1331 1365 ἐπιμᾶλλον

158 1377 283 1460 έκκαίῃ(
298 1377 349 1440 καὶ
365 1375 504 1458 ἀλγύνῃ(
519 1374 563 1439 ὼ(
578 1375 717 1454 μάλιετα.
740 1412 778 1421 -
795 1377 832 1440 Αἲ
847 1374 879 1438 ci
892 1376 926 1439 τί
945 1380 1062 1439 ταῦτα
1080 1380 1199 1440 κινεῖ(
1217 1375 1332 1441 κάνα-

159 1466 363 1544 μοχλεύει(
377 1465 428 1529 καὶ
442 1465 552 1543 φέρει(
566 1465 646 1543 ἡμᾶ(
661 1463 791 1529 Ἰλιόθεν
802 1465 852 1546 [cf.
865 1487 875 1527 1
890 1463 946 1546 39]
962 1466 1041 1529 κατὰ
1055 1468 1113 1544 τὴν
1128 1465 1300 1544 παροιμίαν
1309 1463 1331 1550 ;)
1445 1515 1448 1520 .

160 1560 341 1636 Doeringius
357 1552 474 1639 (philol.
491 1561 542 1635 25,
558 1551 651 1638 221);
670 1559 813 1618 dissensit
827 1558 1028 1618 Kirchhoffius
1042 1559 1333 1635 Pseudogregorium

158 1652 244 1709 ratus
259 1650 324 1708 loco
338 1648 549 1723 Aristophanis
565 1650 745 1707 commotum
761 1667 835 1720 esse,
850 1649 884 1706 ut
897 1648 940 1707 ita
953 1648 1106 1723 Euripidis
1121 1649 1214 1710 verba
1228 1649 1333 1708 immu-

157 1741 244 1798 taret.
283 1737 338 1797 Oui
356 1757 463 1813 parum
482 1741 562 1797 recte
582 1736 760 1813 Doeriugius
780 1737 888 1797 obiecit
906 1738 1027 1796 maioris
1051 1738 1106 1797 hoc
1129 1741 1161 1797 et
1180 1737 1331 1797 doctrinae

158 1847 222 1888 esse
247 1830 278 1887 et
301 1827 478 1886 subtilitatis
501 1828 532 1885 in
555 1830 620 1886 arte
645 1826 749 1886 critica
768 1826 932 1885 factitanda
950 1846 1039 1901 quam
1059 1831 1093 1885 ut
1112 1845 1130 1885 a
1148 1827 1333 1903 Pseudogre-

158 1918 242 1993 gorio
266 1917 379 1976 factum
409 1916 579 1975 existimare
605 1916 764 1990 possimus,
805 1916 881 1974 Nam
907 1916 1002 1975 critici
1024 1919 1127 1991 partes
1151 1935 1218 1974 eum
1242 1935 1332 1992 agere

159 2008 289 2067 voluisse
317 2025 404 2065 nemo
432 2006 519 2082 dixit3
547 2006 626 2082 quod
653 2009 753 2064 autem
777 2005 816 2063 ad
840 2005 1006 2066 doctrinam
1034 2005 1155 2079 attinet,
1183 2006 1332 2064 recordari

157 2096 291 2172 oportuit
312 2095 509 2169 Doeringium
531 2094 634 2153 Nubes
658 2094 810 2170 pertinere
833 2095 871 2152 ad
895 2094 1023 2154 triadem
1041 2094 1248 2170 Byzantiuam.
1285 2095 1330 2152 Ne

158 2190 257 2245 tamen
281 2184 434 2244 adsentiar
452 2184 648 2257 Kirchhoffio,
671 2183 747 2242 illud
771 2184 871 2243 obstat
894 2184 973 2259 quod
999 2184 1078 2259 apud
1097 2183 1331 2259 Aristophanem

158 2271 266 2348 λόγων
295 2273 452 2333 exhibetur
479 2273 510 2331 in
538 2272 688 2332 codicibus
711 2272 969 2350 Pseudogregorio
997 2274 1092 2332 multo
1115 2273 1332 2332 recentioribus

158 2365 278 2426 Barocc.
304 2365 365 2423 127
390 2363 464 2423 bibl.
487 2363 569 2438 publ.
593 2361 678 2421 Oant.
703 2364 752 2436 3,3
778 2378 826 2436 γρ.
855 2363 886 2420 iu
913 2362 997 2422 Harl.
1024 2364 1108 2422 6307
1134 2363 1253 2422 Barocc.
1278 2364 1330 2421 43.

161 2455 319 2513 Praeterea
328 2452 547 2513 concedendum
558 2455 604 2512 est
614 2451 770 2511 Heliodori
778 2451 989 2527 Aristophanis
1005 2453 1145 2528 anonymi
1159 2452 1332 2511 testimonia

159 2561 176 2601 a
194 2542 376 2602 Kirchhoffio
395 2542 550 2601 confutato
568 2560 627 2600 non
646 2560 720 2601 esse.

245 2634 303 2692 Est
320 2636 422 2691 autem
441 2631 576 2707 quaestio
595 2631 716 2689 maioris
736 2649 827 2706 quam
845 2632 949 2689 credas
966 2629 1114 2705 ponderis.
1151 2630 1229 2689 Nam
1249 2630 1275 2689 si
1294 2630 1330 2689 de
1357 2616 1362 2628 ⁸

157 2742 184 2781 ν.
202 2722 221 2781 l.
242 2709 386 2781 adsensus
411 2721 469 2781 eris
488 2721 635 2795 Porsono,
658 2720 717 2778 iam
741 2719 909 2779 tenebimus
928 2720 1103 2795 Euripidem
1122 2721 1331 2778 emendantem

158 2830 233 2886 quae
256 2810 491 2887 reprehenderat
509 2809 740 2885 Aristophanes,
764 2810 825 2868 iam
848 2810 935 2868 testis
959 2812 1059 2868 textus
1079 2809 1235 2885 Euripidei
1258 2828 1328 2870 vere

156 2902 257 2977 mavis
277 2902 307 2959 et
325 2900 456 2975 locuples
472 2899 621 2959 exorietur
635 2898 923 2976 Pseudogregorius
941 2900 1001 2957 iam
1015 2898 1176 2975 Doeringio
1196 2898 1331 2959 obsecuti

157 3009 246 3066 aegre
264 2990 405 3066 fortasse,
425 2989 477 3048 sed
496 2992 596 3048 tamen
616 2988 763 3049 dicentem
781 2989 925 3049 faciemus
943 2989 1081 3048 Iasonem

260 3189 264 3194 ι
368 3109 398 3172 τί
416 3109 488 3185 οὖν;
509 3109 537 3172 τί
557 3112 695 3187 χλωροῑ(
714 3109 863 3187 δακρύοι(
881 3110 1004 3184 τέγγει(
1023 3107 1133 3187 κόρα(;

157 3278 210 3334 pro
231 3276 265 3316 eo
285 3258 363 3332 quod
382 3256 418 3316 ad
438 3257 516 3315 hunc
535 3256 614 3315 diem
633 3256 707 3314 dixit

370 3377 461 3455 αὕτη,
481 3375 509 3438 τί
530 3379 667 3454 χλωροῑ(
687 3375 835 3454 δακρύοι(
855 3377 977 3459 τέγγει(
997 3374 1105 3454 κόρα(;

158 3519 379 3603 (admirabilem
404 3524 648 3599 interpolatorem
673 3526 704 3581 et
721 3542 791 3581 vere
810 3526 930 3598 poetam
949 3522 1001 3597 qui
1019 3522 1074 3580 hoc
1093 3520 1261 3598 excogitare
1280 3539 1330 3595 po·

157 3608 274 3693 tuerit).
312 3612 369 3674 Sec
388 3617 423 3672 ut
442 3613 622 3673 sententiam
638 3613 717 3671 ferre
736 3612 899 3689 possimus,
918 3611 1029 3685 singuli
1048 3612 1142 3669 testes
1161 3610 1329 3669 accuratius

157 3702 345 3761 examinandi
369 3706 446 3760 sunt.
484 3701 681 3776 Inspiciamus
705 3701 799 3776 igitur
818 3701 1026 3775 Heliodorum,
1052 3701 1131 3775 apud
1150 3719 1238 3775 quem
1257 3699 1330 3757 haec

155 3794 297 3869 leguntur
311 3791 398 3850 Aeth.
414 3790 437 3865 Ι,
453 3794 486 3849 8:
506 3784 635 3865 Ἥλην
650 3784 676 3848 ὦ
691 3784 771 3850 θεοί’
787 3784 964 3865 ἑπεβόηων
978 3783 1039 3862 ὑφ’
1053 3785 1172 3863 ἡδονή(
1191 3784 1222 3847 οἱ
1236 3785 1330 3862 ξένοι.

156 3874 284 3954 (Ἕλλην
303 3874 347 3938 ὼ(
366 3874 492 3953 ἀληθῶ(
512 3876 562 3938 καὶ
580 3877 618 3938 τὸ
638 3877 733 3952 γένο(
752 3876 803 3938 καὶ
821 3877 880 3953 τὴν
895 3871 1029 3953 φωνήν.
1060 3871 1161 3951 Ἷάχα
1179 3892 1225 3936 τι(
1245 3872 1329 3935 ἔ(ται

156 3970 221 4030 τῶν
245 3968 351 4028 κακῶν
370 3963 568 4032 ἀνάπνευειε.
606 3963 689 4028 ἀλλὰ
706 3964 778 4028 τίνα
797 3983 830 4026 (ε
852 3966 911 4042 χρὴ
931 3960 1068 4037 καλεῑν’;
1088 3960 1190 4041 ἔφηὸ
1210 3962 1328 4037 Θεαγέ-

157 4075 221 4134 νη(.
253 4054 295 4118 Ὃ
315 4054 350 4117 δὲ
370 4051 550 4133 “Κνήμονα’.
583 4052 705 4118 ‘uoces
724 4054 759 4117 δὲ
779 4050 970 4132 γνωρίζειν;’
991 4049 1193 4130 εἈθηναῖον.’
1230 4048 1328 4132 (Τύχῃ

157 4146 191 4209 δὲ
215 4143 276 4208 τίνι
299 4141 522 4222 κεχρημένον;’
542 4141 657 4208 ‘liciis'
678 4142 754 4223 ἔφη,
775 4141 815 4206 ετί
833 4147 935 4206 ταῦτα
953 4145 1050 4206 κινεῖ(
1068 4139 1328 4218 κάναμοχλεύει(;

155 4238 252 4298 τούτο
273 4234 311 4313 δὴ
331 4236 397 4297 τῶν
415 4235 600 4317 τραγῳδῶν.
639 4232 698 4297 οὐκ
720 4234 756 4296 ἐν
776 4237 876 4316 καιρῷ
895 4229 1017 4308 γένοιτ’
1036 4230 1076 4295 ὰν
1094 4230 1131 4294 τὰ
1151 4228 1330 4294 ἐτεκόδιον

156 4323 229 4403 ὑμῖν
248 4325 314 4386 τῶν
333 4321 496 4401 ὑμετέρων
513 4320 598 4404 τάμὰ
616 4322 818 4402 ἐπειεφέρειν
837 4322 917 4386 κακὰ
935 4321 986 4385 καὶ
1005 4320 1069 4399 ἅμα
1087 4320 1145 4384 οὐκ
1168 4318 1207 4383 ἂν
1231 4320 1328 4397 ἐπαρ-

156 4416 253 4479 κέ(ειε
277 4412 314 4476 τὸ
339 4412 531 4492 λειπόμενον
554 4412 634 4492 πρὸ(
657 4413 695 4477 τὸ
720 4414 856 4492 διήγημα
883 4416 938 4492 τῆ(
962 4408 1095 4475 νυκτό(.’
1132 4414 1191 4472 Fac
1219 4431 1329 4490 quaeso
