<?xml version="1.0" encoding="UTF-8"?>
<!DOCTYPE html PUBLIC "-//W3C//DTD XHTML 1.0 Transitional//EN"
    "http://www.w3.org/TR/xhtml1/DTD/xhtml1-transitional.dtd">
<html xmlns="http://www.w3.org/1999/xhtml" xml:lang="en" lang="en">
 <head>
  <title>
</title>
<meta http-equiv="Content-Type" content="text/html;charset=utf-8" />
  <meta name='ocr-system' content='tesseract 3.04.00' />
  <meta name='ocr-capabilities' content='ocr_page ocr_carea ocr_par ocr_line ocrx_word'/>
</head>
<body>
  <div class='ocr_page' id='page_1' title='image "./lucubrationumeu00bruhgoog_0048.png"; bbox 0 0 3050 5109; ppageno 0'>
   <div class='ocr_carea' id='block_1_1' title="bbox 248 228 956 293">
    <p class='ocr_par' dir='ltr' id='par_1_1' title="bbox 248 228 956 293">
     <span class='ocr_line' id='line_1_1' title="bbox 248 228 956 293; baseline -0.003 -10"><span class='ocrx_word' id='word_1_1' title='bbox 248 228 312 293; x_wconf 78' lang='grc'>268</span> <span class='ocrx_word' id='word_1_2' title='bbox 706 228 830 283; x_wconf 78' lang='grc' dir='ltr'>Ενοίάιιο</span> <span class='ocrx_word' id='word_1_3' title='bbox 848 228 956 283; x_wconf 86' lang='lat' dir='ltr'>Bruhn:</span> 
     </span>
    </p>
   </div>
   <div class='ocr_carea' id='block_1_2' title="bbox 247 379 1441 564">
    <p class='ocr_par' dir='ltr' id='par_1_2' title="bbox 247 379 1441 564">
     <span class='ocr_line' id='line_1_2' title="bbox 247 379 1441 474; baseline -0.001 -18"><span class='ocrx_word' id='word_1_4' title='bbox 247 399 284 456; x_wconf 86' lang='lat' dir='ltr'>ef.</span> <span class='ocrx_word' id='word_1_5' title='bbox 302 398 408 457; x_wconf 82' lang='lat' dir='ltr'>Nauolr</span> <span class='ocrx_word' id='word_1_6' title='bbox 426 398 464 456; x_wconf 90' lang='lat' dir='ltr'>ad</span> <span class='ocrx_word' id='word_1_7' title='bbox 484 397 575 473; x_wconf 84' lang='lat' dir='ltr'>Soph.</span> <span class='ocrx_word' id='word_1_8' title='bbox 592 398 664 458; x_wconf 87' lang='lat' dir='ltr'>Ant.</span> <span class='ocrx_word' id='word_1_9' title='bbox 684 398 764 474; x_wconf 81' lang='grc'><strong>855,</strong></span> <span class='ocrx_word' id='word_1_10' title='bbox 787 398 843 456; x_wconf 89' lang='lat' dir='ltr'>ubi</span> <span class='ocrx_word' id='word_1_11' title='bbox 865 400 946 457; x_wconf 80' lang='lat' dir='ltr'>eeito</span> <span class='ocrx_word' id='word_1_12' title='bbox 970 397 1008 455; x_wconf 85' lang='lat' dir='ltr'>eb</span> <span class='ocrx_word' id='word_1_13' title='bbox 1028 416 1063 456; x_wconf 92' lang='lat' dir='ltr'>eo</span> <span class='ocrx_word' id='word_1_14' title='bbox 1081 379 1256 456; x_wconf 82' lang='lat' dir='ltr'>restitutum</span> <span class='ocrx_word' id='word_1_15' title='bbox 1280 384 1441 456; x_wconf 80' lang='lat' dir='ltr'>existimo</span> 
     </span>
     <span class='ocr_line' id='line_1_3' title="bbox 248 482 574 564; baseline 0 -18"><span class='ocrx_word' id='word_1_16' title='bbox 248 486 366 548; x_wconf 80' lang='grc' dir='ltr'>ποδοῖν</span> <span class='ocrx_word' id='word_1_17' title='bbox 388 507 441 564; x_wconf 89' lang='lat' dir='ltr'>pro</span> <span class='ocrx_word' id='word_1_18' title='bbox 460 482 574 546; x_wconf 86' lang='grc' dir='ltr'>πολύν.</span> 
     </span>
    </p>
   </div>
   <div class='ocr_carea' id='block_1_3' title="bbox 337 605 1195 864">
    <p class='ocr_par' dir='ltr' id='par_1_3' title="bbox 337 605 1195 864">
     <span class='ocr_line' id='line_1_4' title="bbox 337 605 1106 689; baseline -0.001 -20"><span class='ocrx_word' id='word_1_19' title='bbox 337 611 426 688; x_wconf 87' lang='lat' dir='ltr'>Hipp.</span> <span class='ocrx_word' id='word_1_20' title='bbox 443 614 505 670; x_wconf 91' lang='grc'><strong>347</strong></span> <span class='ocrx_word' id='word_1_21' title='bbox 530 608 568 671; x_wconf 90' lang='grc' dir='ltr'>τὸ</span> <span class='ocrx_word' id='word_1_22' title='bbox 586 608 648 686; x_wconf 87' lang='grc' dir='ltr'>γὰρ</span> <span class='ocrx_word' id='word_1_23' title='bbox 667 606 837 686; x_wconf 88' lang='grc' dir='ltr'>ὀρθοῦςθαι</span> <span class='ocrx_word' id='word_1_24' title='bbox 856 606 986 684; x_wconf 86' lang='grc' dir='ltr'>γνώμην</span> <span class='ocrx_word' id='word_1_25' title='bbox 1004 605 1106 689; x_wconf 82' lang='grc' dir='ltr'>ὀδυνᾷ</span> 
     </span>
     <span class='ocr_line' id='line_1_5' title="bbox 525 693 1195 775; baseline 0 -16"><span class='ocrx_word' id='word_1_26' title='bbox 525 697 618 760; x_wconf 80' lang='grc' dir='ltr'>τὸδὲ</span> <span class='ocrx_word' id='word_1_27' title='bbox 638 696 830 775; x_wconf 90' lang='grc' dir='ltr'>μαινόμενον</span> <span class='ocrx_word' id='word_1_28' title='bbox 850 694 961 758; x_wconf 89' lang='grc' dir='ltr'>κακόν·</span> <span class='ocrx_word' id='word_1_29' title='bbox 985 693 1068 759; x_wconf 87' lang='grc' dir='ltr'>ἀλλὰ</span> <span class='ocrx_word' id='word_1_30' title='bbox 1086 700 1195 774; x_wconf 84' lang='grc' dir='ltr'>κρατεῖ</span> 
     </span>
     <span class='ocr_line' id='line_1_6' title="bbox 527 782 1002 864; baseline -0.004 -15"><span class='ocrx_word' id='word_1_31' title='bbox 527 787 567 864; x_wconf 87' lang='grc' dir='ltr'>μὴ</span> <span class='ocrx_word' id='word_1_32' title='bbox 591 784 803 862; x_wconf 82' lang='grc' dir='ltr'>γιγνώςκοντ’</span> <span class='ocrx_word' id='word_1_33' title='bbox 821 782 1002 848; x_wconf 87' lang='grc' dir='ltr'>ἀπολέςθαι.</span> 
     </span>
    </p>
   </div>
   <div class='ocr_carea' id='block_1_4' title="bbox 245 927 1419 1278">
    <p class='ocr_par' dir='ltr' id='par_1_4' title="bbox 245 927 1419 1278">
     <span class='ocr_line' id='line_1_7' title="bbox 336 927 1419 1009; baseline 0.003 -21"><span class='ocrx_word' id='word_1_34' title='bbox 336 930 384 988; x_wconf 84' lang='lat' dir='ltr'>Ad</span> <span class='ocrx_word' id='word_1_35' title='bbox 403 951 430 990; x_wconf 89' lang='grc' dir='ltr'>ν.</span> <span class='ocrx_word' id='word_1_36' title='bbox 442 933 505 991; x_wconf 88' lang='grc'><strong>348</strong></span> <span class='ocrx_word' id='word_1_37' title='bbox 520 932 705 1009; x_wconf 78' lang='lat' dir='ltr'>adscriptum</span> <span class='ocrx_word' id='word_1_38' title='bbox 718 933 854 992; x_wconf 82' lang='lat' dir='ltr'>videmus</span> <span class='ocrx_word' id='word_1_39' title='bbox 868 931 899 990; x_wconf 89' lang='lat' dir='ltr'>in</span> <span class='ocrx_word' id='word_1_40' title='bbox 912 930 980 990; x_wconf 86' lang='lat' dir='ltr'>Par.</span> <span class='ocrx_word' id='word_1_41' title='bbox 994 932 1063 992; x_wconf 83' lang='lat' dir='ltr'>Ars.</span> <span class='ocrx_word' id='word_1_42' title='bbox 1077 951 1105 1007; x_wconf 80' lang='lat' dir='ltr'>p¹</span> <span class='ocrx_word' id='word_1_43' title='bbox 1115 934 1188 1004; x_wconf 90' lang='lat'>110,</span> <span class='ocrx_word' id='word_1_44' title='bbox 1208 933 1316 990; x_wconf 86' lang='grc'><strong>8-13</strong></span> <span class='ocrx_word' id='word_1_45' title='bbox 1337 927 1419 991; x_wconf 85' lang='grc' dir='ltr'>αὐτὸ</span> 
     </span>
     <span class='ocr_line' id='line_1_8' title="bbox 245 1013 1419 1101; baseline 0.002 -23"><span class='ocrx_word' id='word_1_46' title='bbox 245 1015 284 1079; x_wconf 90' lang='grc' dir='ltr'>τὸ</span> <span class='ocrx_word' id='word_1_47' title='bbox 303 1018 459 1092; x_wconf 89' lang='grc' dir='ltr'>μανιῶδες</span> <span class='ocrx_word' id='word_1_48' title='bbox 481 1018 580 1080; x_wconf 86' lang='grc' dir='ltr'>κακὸν</span> <span class='ocrx_word' id='word_1_49' title='bbox 604 1020 674 1095; x_wconf 91' lang='grc' dir='ltr'>μέν,</span> <span class='ocrx_word' id='word_1_50' title='bbox 698 1016 748 1080; x_wconf 83' lang='grc' dir='ltr'>ὅτι</span> <span class='ocrx_word' id='word_1_51' title='bbox 773 1016 794 1078; x_wconf 91' lang='grc' dir='ltr'>ἃ</span> <span class='ocrx_word' id='word_1_52' title='bbox 813 1019 853 1094; x_wconf 87' lang='grc' dir='ltr'>μὴ</span> <span class='ocrx_word' id='word_1_53' title='bbox 879 1016 1026 1096; x_wconf 80' lang='grc' dir='ltr'>βούλεται</span> <span class='ocrx_word' id='word_1_54' title='bbox 1050 1018 1224 1094; x_wconf 88' lang='grc' dir='ltr'>φθέγγεται</span> <span class='ocrx_word' id='word_1_55' title='bbox 1232 1013 1284 1101; x_wconf 82' lang='lat'>²³),</span> <span class='ocrx_word' id='word_1_56' title='bbox 1308 1021 1419 1094; x_wconf 87' lang='grc' dir='ltr'>κρατεῖ</span> 
     </span>
     <span class='ocr_line' id='line_1_9' title="bbox 247 1103 1418 1184; baseline 0.002 -17"><span class='ocrx_word' id='word_1_57' title='bbox 247 1106 283 1167; x_wconf 83' lang='grc' dir='ltr'>δὲ</span> <span class='ocrx_word' id='word_1_58' title='bbox 303 1104 353 1168; x_wconf 86' lang='grc' dir='ltr'>καὶ</span> <span class='ocrx_word' id='word_1_59' title='bbox 375 1104 525 1184; x_wconf 84' lang='grc' dir='ltr'>ὑπερέχει</span> <span class='ocrx_word' id='word_1_60' title='bbox 545 1110 603 1170; x_wconf 92' lang='grc' dir='ltr'>τοὺ</span> <span class='ocrx_word' id='word_1_61' title='bbox 626 1107 705 1183; x_wconf 85' lang='grc' dir='ltr'>μετὰ</span> <span class='ocrx_word' id='word_1_62' title='bbox 728 1107 935 1183; x_wconf 88' lang='grc' dir='ltr'>ςυνειδήςειιις</span> <span class='ocrx_word' id='word_1_63' title='bbox 958 1103 1146 1171; x_wconf 89' lang='grc' dir='ltr'>ἀπολέςθοιι·</span> <span class='ocrx_word' id='word_1_64' title='bbox 1171 1104 1246 1169; x_wconf 87' lang='grc' dir='ltr'>οὔτε</span> <span class='ocrx_word' id='word_1_65' title='bbox 1270 1106 1332 1183; x_wconf 87' lang='grc' dir='ltr'>γὰρ</span> <span class='ocrx_word' id='word_1_66' title='bbox 1350 1110 1418 1170; x_wconf 83' lang='grc' dir='ltr'>τῶν</span> 
     </span>
     <span class='ocr_line' id='line_1_10' title="bbox 246 1192 1416 1278; baseline 0.002 -22"><span class='ocrx_word' id='word_1_67' title='bbox 246 1193 479 1272; x_wconf 85' lang='grc' dir='ltr'>ἁμαρτημάτων</span> <span class='ocrx_word' id='word_1_68' title='bbox 498 1195 534 1257; x_wconf 84' lang='grc' dir='ltr'>ἐν</span> <span class='ocrx_word' id='word_1_69' title='bbox 553 1201 590 1278; x_wconf 81' lang='grc' dir='ltr'>τῇ</span> <span class='ocrx_word' id='word_1_70' title='bbox 610 1195 705 1277; x_wconf 83' lang='grc' dir='ltr'>μανίᾳ</span> <span class='ocrx_word' id='word_1_71' title='bbox 724 1193 904 1259; x_wconf 89' lang='grc' dir='ltr'>αἰςθάνετοιι</span> <span class='ocrx_word' id='word_1_72' title='bbox 923 1192 999 1257; x_wconf 86' lang='grc' dir='ltr'>οὔτε</span> <span class='ocrx_word' id='word_1_73' title='bbox 1017 1197 1076 1257; x_wconf 88' lang='grc' dir='ltr'>τοῦ</span> <span class='ocrx_word' id='word_1_74' title='bbox 1090 1193 1232 1259; x_wconf 88' lang='grc' dir='ltr'>θανάτου</span> <span class='ocrx_word' id='word_1_75' title='bbox 1245 1198 1304 1273; x_wconf 88' lang='grc' dir='ltr'>τὴν</span> <span class='ocrx_word' id='word_1_76' title='bbox 1318 1194 1416 1275; x_wconf 87' lang='grc' dir='ltr'>ἀλγη-</span> 
     </span>
    </p>
   </div>
   <div class='ocr_carea' id='block_1_5' title="bbox 245 1280 1419 2342">
    <p class='ocr_par' dir='ltr' id='par_1_5' title="bbox 245 1280 1419 2342">
     <span class='ocr_line' id='line_1_11' title="bbox 246 1280 1418 1364; baseline 0.003 -19"><span class='ocrx_word' id='word_1_77' title='bbox 246 1282 328 1346; x_wconf 90' lang='grc' dir='ltr'>δόνα</span> <span class='ocrx_word' id='word_1_78' title='bbox 347 1283 505 1359; x_wconf 79' lang='grc' dir='ltr'>λογίζεται</span> <span class='ocrx_word' id='word_1_79' title='bbox 523 1287 589 1347; x_wconf 88' lang='grc' dir='ltr'>τιὺν</span> <span class='ocrx_word' id='word_1_80' title='bbox 608 1289 666 1349; x_wconf 92' lang='grc' dir='ltr'>τοῦ</span> <span class='ocrx_word' id='word_1_81' title='bbox 687 1284 756 1364; x_wconf 80' lang='grc' dir='ltr'>βίον</span> <span class='ocrx_word' id='word_1_82' title='bbox 775 1285 924 1362; x_wconf 85' lang='grc' dir='ltr'>τερπνῶν</span> <span class='ocrx_word' id='word_1_83' title='bbox 943 1280 1092 1347; x_wconf 87' lang='grc' dir='ltr'>ἀποςτάς.</span> <span class='ocrx_word' id='word_1_84' title='bbox 1125 1287 1234 1346; x_wconf 81' lang='lat' dir='ltr'>Verbis</span> <span class='ocrx_word' id='word_1_85' title='bbox 1253 1295 1418 1364; x_wconf 81' lang='lat' dir='ltr'>quaesunt</span> 
     </span>
     <span class='ocr_line' id='line_1_12' title="bbox 246 1372 1416 1451; baseline 0.002 -17"><span class='ocrx_word' id='word_1_86' title='bbox 246 1372 405 1450; x_wconf 87' lang='grc' dir='ltr'>τοῦμετὰ</span> <span class='ocrx_word' id='word_1_87' title='bbox 429 1374 635 1451; x_wconf 88' lang='grc' dir='ltr'>ςυνειδήςεως</span> <span class='ocrx_word' id='word_1_88' title='bbox 667 1372 841 1437; x_wconf 90' lang='grc' dir='ltr'>ἀπολέςθαι</span> <span class='ocrx_word' id='word_1_89' title='bbox 864 1376 1006 1451; x_wconf 82' lang='lat' dir='ltr'>explicari</span> <span class='ocrx_word' id='word_1_90' title='bbox 1036 1376 1195 1436; x_wconf 85' lang='lat' dir='ltr'>lectionem</span> <span class='ocrx_word' id='word_1_91' title='bbox 1218 1377 1276 1437; x_wconf 91' lang='grc' dir='ltr'>τοὺ</span> <span class='ocrx_word' id='word_1_92' title='bbox 1300 1375 1416 1449; x_wconf 86' lang='grc' dir='ltr'>γιγνώ-</span> 
     </span>
     <span class='ocr_line' id='line_1_13' title="bbox 248 1458 1419 1544; baseline 0.004 -21"><span class='ocrx_word' id='word_1_93' title='bbox 248 1459 358 1524; x_wconf 80' lang='grc' dir='ltr'>ςκοντ’</span> <span class='ocrx_word' id='word_1_94' title='bbox 376 1458 549 1526; x_wconf 87' lang='grc' dir='ltr'>ἀπολέςθαι</span> <span class='ocrx_word' id='word_1_95' title='bbox 567 1485 627 1525; x_wconf 89' lang='lat' dir='ltr'>non</span> <span class='ocrx_word' id='word_1_96' title='bbox 646 1470 692 1526; x_wconf 90' lang='lat' dir='ltr'>est</span> <span class='ocrx_word' id='word_1_97' title='bbox 710 1466 790 1542; x_wconf 88' lang='lat' dir='ltr'>quod</span> <span class='ocrx_word' id='word_1_98' title='bbox 808 1465 945 1542; x_wconf 86' lang='lat' dir='ltr'>pluribus</span> <span class='ocrx_word' id='word_1_99' title='bbox 964 1484 1139 1542; x_wconf 80' lang='lat' dir='ltr'>persequar3</span> <span class='ocrx_word' id='word_1_100' title='bbox 1167 1485 1265 1543; x_wconf 88' lang='lat' dir='ltr'>neque</span> <span class='ocrx_word' id='word_1_101' title='bbox 1283 1469 1361 1544; x_wconf 91' lang='lat' dir='ltr'>quod</span> <span class='ocrx_word' id='word_1_102' title='bbox 1386 1468 1419 1527; x_wconf 88' lang='lat' dir='ltr'>in</span> 
     </span>
     <span class='ocr_line' id='line_1_14' title="bbox 246 1548 1418 1633; baseline 0.004 -22"><span class='ocrx_word' id='word_1_103' title='bbox 246 1554 397 1614; x_wconf 82' lang='lat' dir='ltr'>Marciano</span> <span class='ocrx_word' id='word_1_104' title='bbox 421 1548 531 1614; x_wconf 73' lang='lat' dir='ltr'>‘totum</span> <span class='ocrx_word' id='word_1_105' title='bbox 550 1555 605 1614; x_wconf 87' lang='lat' dir='ltr'>hoe</span> <span class='ocrx_word' id='word_1_106' title='bbox 624 1549 782 1615; x_wconf 89' lang='lat' dir='ltr'>soholium’</span> <span class='ocrx_word' id='word_1_107' title='bbox 805 1574 864 1615; x_wconf 89' lang='lat' dir='ltr'>non</span> <span class='ocrx_word' id='word_1_108' title='bbox 888 1559 989 1613; x_wconf 83' lang='lat' dir='ltr'>extare</span> <span class='ocrx_word' id='word_1_109' title='bbox 1007 1555 1131 1630; x_wconf 82' lang='lat' dir='ltr'>dieitur,</span> <span class='ocrx_word' id='word_1_110' title='bbox 1158 1555 1418 1633; x_wconf 69' lang='lat' dir='ltr'>magnifacimus,</span> 
     </span>
     <span class='ocr_line' id='line_1_15' title="bbox 245 1637 1417 1720; baseline 0.003 -18"><span class='ocrx_word' id='word_1_111' title='bbox 245 1643 272 1702; x_wconf 88' lang='lat' dir='ltr'>si</span> <span class='ocrx_word' id='word_1_112' title='bbox 290 1643 409 1718; x_wconf 86' lang='lat' dir='ltr'>quidem</span> <span class='ocrx_word' id='word_1_113' title='bbox 427 1644 458 1703; x_wconf 88' lang='lat' dir='ltr'>id</span> <span class='ocrx_word' id='word_1_114' title='bbox 472 1644 551 1720; x_wconf 89' lang='lat' dir='ltr'>quod</span> <span class='ocrx_word' id='word_1_115' title='bbox 569 1644 613 1704; x_wconf 89' lang='lat' dir='ltr'>ibi</span> <span class='ocrx_word' id='word_1_116' title='bbox 630 1647 714 1703; x_wconf 85' lang='lat' dir='ltr'>extat</span> <span class='ocrx_word' id='word_1_117' title='bbox 732 1638 803 1703; x_wconf 90' lang='grc' dir='ltr'>ἀντὶ</span> <span class='ocrx_word' id='word_1_118' title='bbox 816 1643 875 1703; x_wconf 92' lang='grc' dir='ltr'>τοῦ</span> <span class='ocrx_word' id='word_1_119' title='bbox 894 1637 1037 1716; x_wconf 85' lang='grc' dir='ltr'>κρεῖςςόν</span> <span class='ocrx_word' id='word_1_120' title='bbox 1055 1640 1119 1703; x_wconf 83' lang='grc' dir='ltr'>ἐςτι</span> <span class='ocrx_word' id='word_1_121' title='bbox 1137 1641 1188 1703; x_wconf 91' lang='grc' dir='ltr'>καὶ</span> <span class='ocrx_word' id='word_1_122' title='bbox 1207 1639 1356 1719; x_wconf 82' lang='grc' dir='ltr'>ὑπερέχει</span> <span class='ocrx_word' id='word_1_123' title='bbox 1379 1643 1417 1706; x_wconf 91' lang='grc' dir='ltr'>τὸ</span> 
     </span>
     <span class='ocr_line' id='line_1_16' title="bbox 246 1726 1416 1809; baseline 0.003 -18"><span class='ocrx_word' id='word_1_124' title='bbox 246 1728 325 1805; x_wconf 89' lang='grc' dir='ltr'>μετὰ</span> <span class='ocrx_word' id='word_1_125' title='bbox 340 1730 546 1807; x_wconf 88' lang='grc' dir='ltr'>ςυνειδήςεαις</span> <span class='ocrx_word' id='word_1_126' title='bbox 555 1726 734 1793; x_wconf 87' lang='grc' dir='ltr'>ἀποθανεῖν</span> <span class='ocrx_word' id='word_1_127' title='bbox 749 1738 781 1792; x_wconf 88' lang='lat' dir='ltr'>et</span> <span class='ocrx_word' id='word_1_128' title='bbox 794 1751 848 1809; x_wconf 89' lang='lat' dir='ltr'>per</span> <span class='ocrx_word' id='word_1_129' title='bbox 861 1752 894 1791; x_wconf 88' lang='lat' dir='ltr'>se</span> <span class='ocrx_word' id='word_1_130' title='bbox 907 1733 1044 1807; x_wconf 88' lang='lat' dir='ltr'>ineptum</span> <span class='ocrx_word' id='word_1_131' title='bbox 1058 1736 1089 1791; x_wconf 86' lang='lat' dir='ltr'>et</span> <span class='ocrx_word' id='word_1_132' title='bbox 1102 1733 1309 1809; x_wconf 80' lang='lat' dir='ltr'>corrigendum</span> <span class='ocrx_word' id='word_1_133' title='bbox 1325 1738 1371 1794; x_wconf 89' lang='lat' dir='ltr'>est</span> <span class='ocrx_word' id='word_1_134' title='bbox 1386 1737 1416 1794; x_wconf 92' lang='lat' dir='ltr'>in</span> 
     </span>
     <span class='ocr_line' id='line_1_17' title="bbox 246 1817 1417 1899; baseline 0.005 -20"><span class='ocrx_word' id='word_1_135' title='bbox 246 1821 304 1881; x_wconf 89' lang='grc' dir='ltr'>τοῦ</span> <span class='ocrx_word' id='word_1_136' title='bbox 323 1817 402 1895; x_wconf 90' lang='grc' dir='ltr'>μετὰ</span> <span class='ocrx_word' id='word_1_137' title='bbox 421 1819 628 1896; x_wconf 89' lang='grc' dir='ltr'>ςυνειδήςεως</span> <span class='ocrx_word' id='word_1_138' title='bbox 642 1817 830 1895; x_wconf 80' lang='grc' dir='ltr'>ἀποθανεῖν,</span> <span class='ocrx_word' id='word_1_139' title='bbox 853 1839 951 1899; x_wconf 87' lang='lat' dir='ltr'>neque</span> <span class='ocrx_word' id='word_1_140' title='bbox 970 1840 1041 1880; x_wconf 85' lang='lat' dir='ltr'>vero</span> <span class='ocrx_word' id='word_1_141' title='bbox 1064 1821 1162 1897; x_wconf 83' lang='lat' dir='ltr'>magis</span> <span class='ocrx_word' id='word_1_142' title='bbox 1183 1822 1345 1883; x_wconf 74' lang='lat' dir='ltr'><strong>Vaticanus</strong></span> <span class='ocrx_word' id='word_1_143' title='bbox 1364 1845 1417 1885; x_wconf 90' lang='lat' dir='ltr'>nos</span> 
     </span>
     <span class='ocr_line' id='line_1_18' title="bbox 246 1910 1416 1986; baseline 0.003 -18"><span class='ocrx_word' id='word_1_144' title='bbox 246 1910 390 1986; x_wconf 81' lang='lat' dir='ltr'>desipiet3</span> <span class='ocrx_word' id='word_1_145' title='bbox 414 1911 498 1969; x_wconf 87' lang='lat' dir='ltr'>ouius</span> <span class='ocrx_word' id='word_1_146' title='bbox 517 1911 659 1971; x_wconf 83' lang='lat' dir='ltr'>librarius</span> <span class='ocrx_word' id='word_1_147' title='bbox 678 1930 745 1970; x_wconf 89' lang='lat' dir='ltr'>eum</span> <span class='ocrx_word' id='word_1_148' title='bbox 764 1911 839 1969; x_wconf 90' lang='lat' dir='ltr'>illud</span> <span class='ocrx_word' id='word_1_149' title='bbox 863 1913 950 1970; x_wconf 86' lang='lat' dir='ltr'>aeute</span> <span class='ocrx_word' id='word_1_150' title='bbox 968 1911 1171 1986; x_wconf 76' lang='lat' dir='ltr'>perspexisset</span> <span class='ocrx_word' id='word_1_151' title='bbox 1189 1911 1416 1986; x_wconf 74' lang='lat' dir='ltr'>explicationem</span> 
     </span>
     <span class='ocr_line' id='line_1_19' title="bbox 245 1999 1417 2077; baseline 0.003 -18"><span class='ocrx_word' id='word_1_152' title='bbox 245 2018 313 2059; x_wconf 87' lang='lat' dir='ltr'>eum</span> <span class='ocrx_word' id='word_1_153' title='bbox 331 2003 416 2058; x_wconf 86' lang='lat' dir='ltr'>textu</span> <span class='ocrx_word' id='word_1_154' title='bbox 434 2019 542 2074; x_wconf 86' lang='lat' dir='ltr'>parum</span> <span class='ocrx_word' id='word_1_155' title='bbox 560 2000 737 2077; x_wconf 84' lang='lat' dir='ltr'>consentire,</span> <span class='ocrx_word' id='word_1_156' title='bbox 755 2001 945 2076; x_wconf 88' lang='lat' dir='ltr'>impudenter</span> <span class='ocrx_word' id='word_1_157' title='bbox 963 1999 1168 2074; x_wconf 75' lang='lat' dir='ltr'>interpolavit:</span> <span class='ocrx_word' id='word_1_158' title='bbox 1189 2001 1298 2075; x_wconf 84' lang='grc' dir='ltr'>κρατεῖ</span> <span class='ocrx_word' id='word_1_159' title='bbox 1315 1999 1417 2062; x_wconf 80' lang='grc' dir='ltr'>δὲκαὶ</span> 
     </span>
     <span class='ocr_line' id='line_1_20' title="bbox 245 2083 1416 2167; baseline 0.003 -20"><span class='ocrx_word' id='word_1_160' title='bbox 245 2084 393 2162; x_wconf 85' lang='grc' dir='ltr'>ὑπερέχει</span> <span class='ocrx_word' id='word_1_161' title='bbox 422 2085 460 2147; x_wconf 90' lang='grc' dir='ltr'>τὸ</span> <span class='ocrx_word' id='word_1_162' title='bbox 487 2088 527 2163; x_wconf 89' lang='grc' dir='ltr'>μὴ</span> <span class='ocrx_word' id='word_1_163' title='bbox 557 2084 801 2163; x_wconf 89' lang='grc' dir='ltr'>αἰςθοινόμενον,</span> <span class='ocrx_word' id='word_1_164' title='bbox 835 2083 911 2148; x_wconf 79' lang='grc' dir='ltr'>ἀλλ’</span> <span class='ocrx_word' id='word_1_165' title='bbox 940 2085 976 2147; x_wconf 89' lang='grc' dir='ltr'>έν</span> <span class='ocrx_word' id='word_1_166' title='bbox 1006 2090 1045 2167; x_wconf 82' lang='grc' dir='ltr'>τῇ</span> <span class='ocrx_word' id='word_1_167' title='bbox 1073 2085 1169 2166; x_wconf 85' lang='grc' dir='ltr'>μανίᾳ</span> <span class='ocrx_word' id='word_1_168' title='bbox 1196 2084 1416 2166; x_wconf 88' lang='grc' dir='ltr'>ἀποθνήςκειν.</span> 
     </span>
     <span class='ocr_line' id='line_1_21' title="bbox 245 2170 1416 2257; baseline 0.005 -23"><span class='ocrx_word' id='word_1_169' title='bbox 245 2170 472 2254; x_wconf 78' lang='lat' dir='ltr'>(interpolatori</span> <span class='ocrx_word' id='word_1_170' title='bbox 495 2179 574 2237; x_wconf 89' lang='lat' dir='ltr'>enim</span> <span class='ocrx_word' id='word_1_171' title='bbox 597 2180 652 2237; x_wconf 90' lang='lat' dir='ltr'>hoe</span> <span class='ocrx_word' id='word_1_172' title='bbox 675 2178 778 2237; x_wconf 88' lang='lat' dir='ltr'>deberi</span> <span class='ocrx_word' id='word_1_173' title='bbox 800 2179 868 2237; x_wconf 88' lang='lat' dir='ltr'>iude</span> <span class='ocrx_word' id='word_1_174' title='bbox 892 2178 1108 2251; x_wconf 53' lang='lat' dir='ltr'>concludimus</span> <span class='ocrx_word' id='word_1_175' title='bbox 1138 2179 1216 2254; x_wconf 88' lang='lat' dir='ltr'>quod</span> <span class='ocrx_word' id='word_1_176' title='bbox 1239 2178 1270 2237; x_wconf 89' lang='lat' dir='ltr'>in</span> <span class='ocrx_word' id='word_1_177' title='bbox 1293 2181 1416 2257; x_wconf 89' lang='lat' dir='ltr'>reliquis</span> 
     </span>
     <span class='ocr_line' id='line_1_22' title="bbox 245 2265 1416 2342; baseline 0.006 -19"><span class='ocrx_word' id='word_1_178' title='bbox 245 2265 315 2325; x_wconf 88' lang='lat' dir='ltr'>Vat.</span> <span class='ocrx_word' id='word_1_179' title='bbox 334 2267 483 2325; x_wconf 80' lang='lat' dir='ltr'>consentit</span> <span class='ocrx_word' id='word_1_180' title='bbox 506 2286 573 2326; x_wconf 90' lang='lat' dir='ltr'>oum</span> <span class='ocrx_word' id='word_1_181' title='bbox 593 2268 683 2327; x_wconf 87' lang='lat' dir='ltr'>Mare.</span> <span class='ocrx_word' id='word_1_182' title='bbox 703 2267 770 2326; x_wconf 86' lang='lat' dir='ltr'>Per.</span> <span class='ocrx_word' id='word_1_183' title='bbox 788 2268 871 2339; x_wconf 82' lang='lat' dir='ltr'>Ars,</span> <span class='ocrx_word' id='word_1_184' title='bbox 895 2267 926 2325; x_wconf 90' lang='lat' dir='ltr'>in</span> <span class='ocrx_word' id='word_1_185' title='bbox 945 2267 1105 2342; x_wconf 85' lang='lat' dir='ltr'>postremis</span> <span class='ocrx_word' id='word_1_186' title='bbox 1126 2272 1245 2326; x_wconf 88' lang='lat' dir='ltr'>tantum</span> <span class='ocrx_word' id='word_1_187' title='bbox 1264 2270 1416 2330; x_wconf 83' lang='lat' dir='ltr'>vocabulis</span> 
     </span>
    </p>
   </div>
   <div class='ocr_carea' id='block_1_6' title="bbox 334 2489 1417 2564">
    <p class='ocr_par' dir='ltr' id='par_1_6' title="bbox 334 2489 1417 2564">
     <span class='ocr_line' id='line_1_23' title="bbox 334 2489 1417 2564; baseline 0.002 -19"><span class='ocrx_word' id='word_1_188' title='bbox 334 2493 380 2560; x_wconf 89' lang='grc'>33)</span> <span class='ocrx_word' id='word_1_189' title='bbox 399 2490 546 2545; x_wconf 82' lang='lat' dir='ltr'>Putaverit</span> <span class='ocrx_word' id='word_1_190' title='bbox 563 2490 665 2560; x_wconf 84' lang='lat' dir='ltr'>aliquis</span> <span class='ocrx_word' id='word_1_191' title='bbox 684 2490 861 2545; x_wconf 86' lang='lat' dir='ltr'>inserendum</span> <span class='ocrx_word' id='word_1_192' title='bbox 881 2507 942 2545; x_wconf 88' lang='lat' dir='ltr'>esse</span> <span class='ocrx_word' id='word_1_193' title='bbox 961 2489 998 2562; x_wconf 83' lang='lat' dir='ltr'>&lt;d</span> <span class='ocrx_word' id='word_1_194' title='bbox 1018 2490 1214 2564; x_wconf 75' lang='grc' dir='ltr'>μαινόμενος),</span> <span class='ocrx_word' id='word_1_195' title='bbox 1239 2507 1323 2561; x_wconf 79' lang='lat' dir='ltr'>aegre</span> <span class='ocrx_word' id='word_1_196' title='bbox 1342 2494 1417 2547; x_wconf 89' lang='lat' dir='ltr'>enim</span> 
     </span>
    </p>
   </div>
   <div class='ocr_carea' id='block_1_7' title="bbox 245 2561 1499 2703">
    <p class='ocr_par' dir='ltr' id='par_1_7' title="bbox 245 2561 1499 2703">
     <span class='ocr_line' id='line_1_24' title="bbox 246 2561 1499 2632; baseline 0.003 -17"><span class='ocrx_word' id='word_1_197' title='bbox 246 2563 299 2617; x_wconf 86' lang='lat' dir='ltr'>hoe</span> <span class='ocrx_word' id='word_1_198' title='bbox 318 2563 444 2632; x_wconf 87' lang='lat' dir='ltr'>suppleri</span> <span class='ocrx_word' id='word_1_199' title='bbox 461 2580 495 2616; x_wconf 82' lang='lat' dir='ltr'>ex</span> <span class='ocrx_word' id='word_1_200' title='bbox 513 2562 563 2616; x_wconf 92' lang='lat' dir='ltr'>illo</span> <span class='ocrx_word' id='word_1_201' title='bbox 581 2564 615 2616; x_wconf 88' lang='grc' dir='ltr'>τὸ</span> <span class='ocrx_word' id='word_1_202' title='bbox 635 2566 778 2628; x_wconf 86' lang='grc' dir='ltr'>μανιῶδες.</span> <span class='ocrx_word' id='word_1_203' title='bbox 804 2561 837 2617; x_wconf 90' lang='lat' dir='ltr'>V.</span> <span class='ocrx_word' id='word_1_204' title='bbox 850 2581 871 2616; x_wconf 87' lang='lat' dir='ltr'>s.</span> <span class='ocrx_word' id='word_1_205' title='bbox 886 2564 981 2616; x_wconf 88' lang='lat' dir='ltr'>tamen</span> <span class='ocrx_word' id='word_1_206' title='bbox 997 2563 1082 2616; x_wconf 87' lang='lat' dir='ltr'>Arist.</span> <span class='ocrx_word' id='word_1_207' title='bbox 1097 2561 1152 2631; x_wconf 92' lang='lat' dir='ltr'>pol.</span> <span class='ocrx_word' id='word_1_208' title='bbox 1167 2568 1193 2630; x_wconf 86' lang='grc'><strong>3,</strong></span> <span class='ocrx_word' id='word_1_209' title='bbox 1214 2568 1283 2617; x_wconf 84' lang='grc'><strong>1379</strong></span> <span class='ocrx_word' id='word_1_210' title='bbox 1302 2582 1320 2618; x_wconf 87' lang='lat' dir='ltr'>a</span> <span class='ocrx_word' id='word_1_211' title='bbox 1338 2570 1356 2618; x_wconf 83' lang='lat'>8</span> <span class='ocrx_word' id='word_1_212' title='bbox 1374 2568 1417 2619; x_wconf 85' lang='grc' dir='ltr'>διὸ</span> <span class='ocrx_word' id='word_1_213' title='bbox 1498 2603 1499 2606; x_wconf 24' lang='lat'>¹</span> 
     </span>
     <span class='ocr_line' id='line_1_25' title="bbox 245 2633 1499 2703; baseline 0.002 -15"><span class='ocrx_word' id='word_1_214' title='bbox 245 2637 290 2688; x_wconf 84' lang='grc' dir='ltr'>καί</span> <span class='ocrx_word' id='word_1_215' title='bbox 310 2636 362 2688; x_wconf 88' lang='grc' dir='ltr'>τάς</span> <span class='ocrx_word' id='word_1_216' title='bbox 378 2636 519 2688; x_wconf 82' lang='grc' dir='ltr'>πολιτικὰς</span> <span class='ocrx_word' id='word_1_217' title='bbox 540 2635 638 2701; x_wconf 84' lang='grc' dir='ltr'>ἀρχὰς,</span> <span class='ocrx_word' id='word_1_218' title='bbox 657 2636 726 2687; x_wconf 83' lang='grc' dir='ltr'>ὅταν</span> <span class='ocrx_word' id='word_1_219' title='bbox 749 2637 767 2702; x_wconf 85' lang='grc' dir='ltr'>ῇ</span> <span class='ocrx_word' id='word_1_220' title='bbox 792 2636 857 2687; x_wconf 82' lang='grc' dir='ltr'>κατ’</span> <span class='ocrx_word' id='word_1_221' title='bbox 876 2633 989 2701; x_wconf 88' lang='grc' dir='ltr'>ίςότητα</span> <span class='ocrx_word' id='word_1_222' title='bbox 1012 2640 1071 2688; x_wconf 88' lang='grc' dir='ltr'>τῶν</span> <span class='ocrx_word' id='word_1_223' title='bbox 1093 2638 1215 2688; x_wconf 85' lang='grc' dir='ltr'>πολιτῶν</span> <span class='ocrx_word' id='word_1_224' title='bbox 1239 2644 1417 2703; x_wconf 84' lang='grc' dir='ltr'>ςυνεςτηκυῑα</span> <span class='ocrx_word' id='word_1_225' title='bbox 1498 2645 1499 2656; x_wconf 73' lang='grc'>’</span> 
     </span>
    </p>
   </div>
   <div class='ocr_carea' id='block_1_8' title="bbox 226 2706 1418 3130">
    <p class='ocr_par' dir='ltr' id='par_1_8' title="bbox 226 2706 1418 3130">
     <span class='ocr_line' id='line_1_26' title="bbox 245 2706 1416 2773; baseline 0.003 -15"><span class='ocrx_word' id='word_1_226' title='bbox 245 2708 294 2773; x_wconf 86' lang='lat' dir='ltr'>(se.</span> <span class='ocrx_word' id='word_1_227' title='bbox 313 2709 330 2773; x_wconf 83' lang='grc' dir='ltr'>η</span> <span class='ocrx_word' id='word_1_228' title='bbox 349 2706 485 2772; x_wconf 78' lang='grc' dir='ltr'>πολιτεία)</span> <span class='ocrx_word' id='word_1_229' title='bbox 505 2708 550 2759; x_wconf 84' lang='grc' dir='ltr'>καί</span> <span class='ocrx_word' id='word_1_230' title='bbox 568 2708 634 2760; x_wconf 83' lang='grc' dir='ltr'>καθ’</span> <span class='ocrx_word' id='word_1_231' title='bbox 653 2707 820 2772; x_wconf 83' lang='grc' dir='ltr'>ὁμοιότητα,</span> <span class='ocrx_word' id='word_1_232' title='bbox 845 2707 916 2759; x_wconf 80' lang='grc' dir='ltr'>κατὰ</span> <span class='ocrx_word' id='word_1_233' title='bbox 939 2707 1021 2773; x_wconf 91' lang='grc' dir='ltr'>μέρος</span> <span class='ocrx_word' id='word_1_234' title='bbox 1043 2708 1162 2760; x_wconf 82' lang='grc' dir='ltr'>ἀξιοῦςιν</span> <span class='ocrx_word' id='word_1_235' title='bbox 1185 2708 1286 2773; x_wconf 86' lang='grc' dir='ltr'>ἄρχειν.</span> <span class='ocrx_word' id='word_1_236' title='bbox 1326 2707 1416 2773; x_wconf 87' lang='lat' dir='ltr'>Quem</span> 
     </span>
     <span class='ocr_line' id='line_1_27' title="bbox 226 2774 1415 2846; baseline 0.006 -20"><span class='ocrx_word' id='word_1_237' title='bbox 226 2777 339 2831; x_wconf 70' lang='lat' dir='ltr'>‚losum</span> <span class='ocrx_word' id='word_1_238' title='bbox 367 2794 430 2831; x_wconf 90' lang='lat' dir='ltr'>eum</span> <span class='ocrx_word' id='word_1_239' title='bbox 458 2776 560 2831; x_wconf 90' lang='lat' dir='ltr'>iniuria</span> <span class='ocrx_word' id='word_1_240' title='bbox 586 2776 784 2831; x_wconf 85' lang='lat' dir='ltr'>addubitatum</span> <span class='ocrx_word' id='word_1_241' title='bbox 812 2774 968 2830; x_wconf 80' lang='lat' dir='ltr'>existimem</span> <span class='ocrx_word' id='word_1_242' title='bbox 997 2794 1014 2831; x_wconf 84' lang='lat' dir='ltr'>a</span> <span class='ocrx_word' id='word_1_243' title='bbox 1042 2775 1206 2846; x_wconf 81' lang='lat' dir='ltr'>Spengelio,</span> <span class='ocrx_word' id='word_1_244' title='bbox 1234 2778 1415 2846; x_wconf 83' lang='lat' dir='ltr'>Ramseuero‚</span> 
     </span>
     <span class='ocr_line' id='line_1_28' title="bbox 243 2847 1416 2918; baseline 0.002 -16"><span class='ocrx_word' id='word_1_245' title='bbox 243 2848 405 2903; x_wconf 86' lang='lat' dir='ltr'>Schlossero</span> <span class='ocrx_word' id='word_1_246' title='bbox 431 2865 521 2916; x_wconf 89' lang='lat' dir='ltr'>neque</span> <span class='ocrx_word' id='word_1_247' title='bbox 546 2849 581 2903; x_wconf 90' lang='lat' dir='ltr'>de</span> <span class='ocrx_word' id='word_1_248' title='bbox 600 2848 654 2902; x_wconf 88' lang='lat' dir='ltr'>hoe</span> <span class='ocrx_word' id='word_1_249' title='bbox 672 2866 724 2901; x_wconf 89' lang='lat' dir='ltr'>usu</span> <span class='ocrx_word' id='word_1_250' title='bbox 747 2847 859 2902; x_wconf 89' lang='lat' dir='ltr'>dieendi</span> <span class='ocrx_word' id='word_1_251' title='bbox 878 2847 966 2901; x_wconf 86' lang='lat' dir='ltr'>fusius</span> <span class='ocrx_word' id='word_1_252' title='bbox 988 2847 1136 2917; x_wconf 87' lang='lat' dir='ltr'>quisquam</span> <span class='ocrx_word' id='word_1_253' title='bbox 1159 2849 1264 2918; x_wconf 85' lang='lat' dir='ltr'>egerit,</span> <span class='ocrx_word' id='word_1_254' title='bbox 1290 2850 1416 2918; x_wconf 85' lang='lat' dir='ltr'>proferre</span> 
     </span>
     <span class='ocr_line' id='line_1_29' title="bbox 244 2917 1417 2989; baseline 0.002 -16"><span class='ocrx_word' id='word_1_255' title='bbox 244 2918 330 2974; x_wconf 84' lang='lat' dir='ltr'>liceat</span> <span class='ocrx_word' id='word_1_256' title='bbox 351 2918 423 2973; x_wconf 90' lang='lat' dir='ltr'>mihi</span> <span class='ocrx_word' id='word_1_257' title='bbox 441 2936 512 2988; x_wconf 79' lang='lat' dir='ltr'>quae</span> <span class='ocrx_word' id='word_1_258' title='bbox 535 2919 657 2989; x_wconf 78' lang='lat' dir='ltr'>conlegi:</span> <span class='ocrx_word' id='word_1_259' title='bbox 682 2919 737 2973; x_wconf 90' lang='lat' dir='ltr'>eth.</span> <span class='ocrx_word' id='word_1_260' title='bbox 756 2917 819 2972; x_wconf 88' lang='lat' dir='ltr'>Nie.</span> <span class='ocrx_word' id='word_1_261' title='bbox 838 2925 865 2987; x_wconf 87' lang='grc'><strong>3,</strong></span> <span class='ocrx_word' id='word_1_262' title='bbox 886 2920 983 2973; x_wconf 77' lang='grc'>11151)</span> <span class='ocrx_word' id='word_1_263' title='bbox 1002 2925 1035 2972; x_wconf 86' lang='grc'>33</span> <span class='ocrx_word' id='word_1_264' title='bbox 1060 2921 1103 2973; x_wconf 88' lang='grc' dir='ltr'>διὸ</span> <span class='ocrx_word' id='word_1_265' title='bbox 1127 2919 1172 2972; x_wconf 87' lang='grc' dir='ltr'>καί</span> <span class='ocrx_word' id='word_1_266' title='bbox 1190 2919 1255 2974; x_wconf 84' lang='grc' dir='ltr'>εἰςιν</span> <span class='ocrx_word' id='word_1_267' title='bbox 1275 2921 1301 2973; x_wconf 82' lang='grc' dir='ltr'>οἱ</span> <span class='ocrx_word' id='word_1_268' title='bbox 1320 2926 1417 2975; x_wconf 82' lang='grc' dir='ltr'>πολλοί</span> 
     </span>
     <span class='ocr_line' id='line_1_30' title="bbox 244 2991 1416 3058; baseline 0.002 -14"><span class='ocrx_word' id='word_1_269' title='bbox 244 2993 339 3045; x_wconf 82' lang='grc' dir='ltr'>αὐτῶν</span> <span class='ocrx_word' id='word_1_270' title='bbox 358 2992 567 3058; x_wconf 89' lang='grc' dir='ltr'>θραςὺδειλοι·</span> <span class='ocrx_word' id='word_1_271' title='bbox 587 2992 617 3045; x_wconf 82' lang='grc' dir='ltr'>ἐν</span> <span class='ocrx_word' id='word_1_272' title='bbox 635 2992 777 3045; x_wconf 86' lang='grc' dir='ltr'>τούτοις</span> <span class='ocrx_word' id='word_1_273' title='bbox 798 2992 853 3057; x_wconf 84' lang='grc' dir='ltr'>γὰρ</span> <span class='ocrx_word' id='word_1_274' title='bbox 876 2993 1074 3058; x_wconf 87' lang='grc' dir='ltr'>θραςυνόμενοι</span> <span class='ocrx_word' id='word_1_275' title='bbox 1096 2991 1132 3044; x_wconf 84' lang='grc' dir='ltr'>τὰ</span> <span class='ocrx_word' id='word_1_276' title='bbox 1151 2994 1259 3058; x_wconf 86' lang='grc' dir='ltr'>φοβερὰ</span> <span class='ocrx_word' id='word_1_277' title='bbox 1279 2994 1331 3057; x_wconf 82' lang='grc' dir='ltr'>οὐχ</span> <span class='ocrx_word' id='word_1_278' title='bbox 1351 2996 1416 3046; x_wconf 82' lang='grc' dir='ltr'>ὑπο</span> 
     </span>
     <span class='ocr_line' id='line_1_31' title="bbox 245 3062 1418 3130; baseline 0.002 -14"><span class='ocrx_word' id='word_1_279' title='bbox 245 3063 378 3128; x_wconf 86' lang='grc' dir='ltr'>μένουςιν.</span> <span class='ocrx_word' id='word_1_280' title='bbox 403 3062 458 3130; x_wconf 92' lang='lat' dir='ltr'>pol.</span> <span class='ocrx_word' id='word_1_281' title='bbox 478 3067 508 3129; x_wconf 85' lang='lat'>8,</span> <span class='ocrx_word' id='word_1_282' title='bbox 535 3068 601 3116; x_wconf 85' lang='lat'>1311</span> <span class='ocrx_word' id='word_1_283' title='bbox 621 3078 639 3114; x_wconf 86' lang='lat' dir='ltr'>a</span> <span class='ocrx_word' id='word_1_284' title='bbox 657 3066 691 3115; x_wconf 87' lang='grc'>33</span> <span class='ocrx_word' id='word_1_285' title='bbox 714 3067 766 3128; x_wconf 83' lang='grc' dir='ltr'>τῆς</span> <span class='ocrx_word' id='word_1_286' title='bbox 789 3064 819 3115; x_wconf 82' lang='grc' dir='ltr'>δ’</span> <span class='ocrx_word' id='word_1_287' title='bbox 842 3063 948 3128; x_wconf 85' lang='grc' dir='ltr'>ὕβρεως</span> <span class='ocrx_word' id='word_1_288' title='bbox 971 3063 1055 3129; x_wconf 85' lang='grc' dir='ltr'>οὑςης</span> <span class='ocrx_word' id='word_1_289' title='bbox 1075 3065 1279 3129; x_wconf 79' lang='grc' dir='ltr'>πολυμεροῦς</span> <span class='ocrx_word' id='word_1_290' title='bbox 1301 3066 1418 3118; x_wconf 83' lang='grc' dir='ltr'>ἕκαςτον</span> 
     </span>
    </p>
   </div>
   <div class='ocr_carea' id='block_1_9' title="bbox 247 3130 1498 3200">
    <p class='ocr_par' dir='ltr' id='par_1_9' title="bbox 247 3130 1498 3200">
     <span class='ocr_line' id='line_1_32' title="bbox 247 3130 1498 3200; baseline -0.002 -13"><span class='ocrx_word' id='word_1_291' title='bbox 247 3135 361 3187; x_wconf 85' lang='grc' dir='ltr'>αὐτῶν</span> <span class='ocrx_word' id='word_1_292' title='bbox 380 3134 469 3187; x_wconf 88' lang='grc' dir='ltr'>αίτιον</span> <span class='ocrx_word' id='word_1_293' title='bbox 487 3134 591 3197; x_wconf 90' lang='grc' dir='ltr'>γίνεται</span> <span class='ocrx_word' id='word_1_294' title='bbox 609 3139 660 3200; x_wconf 83' lang='grc' dir='ltr'>τῆς</span> <span class='ocrx_word' id='word_1_295' title='bbox 679 3134 772 3200; x_wconf 82' lang='grc' dir='ltr'>ὀργῆς.</span> <span class='ocrx_word' id='word_1_296' title='bbox 809 3130 892 3186; x_wconf 86' lang='lat' dir='ltr'>Rhet.</span> <span class='ocrx_word' id='word_1_297' title='bbox 913 3139 937 3198; x_wconf 91' lang='lat'>1,</span> <span class='ocrx_word' id='word_1_298' title='bbox 958 3132 1060 3186; x_wconf 79' lang='lat' dir='ltr'>leeth</span> <span class='ocrx_word' id='word_1_299' title='bbox 1079 3138 1096 3185; x_wconf 77' lang='lat'>4</span> <span class='ocrx_word' id='word_1_300' title='bbox 1114 3135 1221 3200; x_wconf 83' lang='grc' dir='ltr'>ἀνάγκη</span> <span class='ocrx_word' id='word_1_301' title='bbox 1242 3136 1273 3188; x_wconf 86' lang='grc' dir='ltr'>δὲ</span> <span class='ocrx_word' id='word_1_302' title='bbox 1292 3136 1418 3199; x_wconf 82' lang='grc' dir='ltr'>μεγίςτας</span> <span class='ocrx_word' id='word_1_303' title='bbox 1497 3167 1498 3184; x_wconf 53' lang='grc' dir='ltr'>ι</span> 
     </span>
    </p>
   </div>
   <div class='ocr_carea' id='block_1_10' title="bbox 243 3204 1418 4484">
    <p class='ocr_par' dir='ltr' id='par_1_10' title="bbox 243 3204 1418 4484">
     <span class='ocr_line' id='line_1_33' title="bbox 243 3204 1416 3273; baseline 0.002 -14"><span class='ocrx_word' id='word_1_304' title='bbox 243 3207 314 3259; x_wconf 75' lang='grc' dir='ltr'>εἶναι</span> <span class='ocrx_word' id='word_1_305' title='bbox 336 3206 436 3272; x_wconf 86' lang='grc' dir='ltr'>ἀρετὰς</span> <span class='ocrx_word' id='word_1_306' title='bbox 457 3206 508 3259; x_wconf 86' lang='grc' dir='ltr'>τὰς</span> <span class='ocrx_word' id='word_1_307' title='bbox 530 3212 588 3259; x_wconf 84' lang='grc' dir='ltr'>τοῖς</span> <span class='ocrx_word' id='word_1_308' title='bbox 610 3207 704 3258; x_wconf 85' lang='grc' dir='ltr'>ἄλλοις</span> <span class='ocrx_word' id='word_1_309' title='bbox 725 3204 946 3271; x_wconf 87' lang='grc' dir='ltr'>χρηςιμωτάτας,</span> <span class='ocrx_word' id='word_1_310' title='bbox 970 3204 1045 3270; x_wconf 82' lang='grc' dir='ltr'>εἴπερ</span> <span class='ocrx_word' id='word_1_311' title='bbox 1064 3206 1136 3257; x_wconf 80' lang='grc' dir='ltr'>ἐςτιν</span> <span class='ocrx_word' id='word_1_312' title='bbox 1154 3207 1172 3271; x_wconf 84' lang='grc' dir='ltr'>ἡ</span> <span class='ocrx_word' id='word_1_313' title='bbox 1192 3206 1277 3272; x_wconf 87' lang='grc' dir='ltr'>ἀρετὴ</span> <span class='ocrx_word' id='word_1_314' title='bbox 1303 3208 1416 3273; x_wconf 88' lang='grc' dir='ltr'>δύναμις</span> 
     </span>
     <span class='ocr_line' id='line_1_34' title="bbox 244 3275 1415 3343; baseline 0.002 -14"><span class='ocrx_word' id='word_1_315' title='bbox 244 3277 415 3343; x_wconf 86' lang='grc' dir='ltr'>εὑεργετική·</span> <span class='ocrx_word' id='word_1_316' title='bbox 435 3278 480 3329; x_wconf 85' lang='grc' dir='ltr'>διὰ</span> <span class='ocrx_word' id='word_1_317' title='bbox 493 3282 580 3329; x_wconf 90' lang='grc' dir='ltr'>τοῦτο</span> <span class='ocrx_word' id='word_1_318' title='bbox 595 3278 640 3329; x_wconf 85' lang='grc' dir='ltr'>καί</span> <span class='ocrx_word' id='word_1_319' title='bbox 657 3277 724 3329; x_wconf 88' lang='grc' dir='ltr'>τοὺς</span> <span class='ocrx_word' id='word_1_320' title='bbox 738 3275 896 3328; x_wconf 78' lang='grc' dir='ltr'>δικαίους</span> <span class='ocrx_word' id='word_1_321' title='bbox 910 3278 954 3328; x_wconf 83' lang='grc' dir='ltr'>καί</span> <span class='ocrx_word' id='word_1_322' title='bbox 969 3276 1148 3341; x_wconf 77' lang='grc' dir='ltr'>ἀνδρείους</span> <span class='ocrx_word' id='word_1_323' title='bbox 1162 3277 1275 3340; x_wconf 87' lang='grc' dir='ltr'>μάλιςτα</span> <span class='ocrx_word' id='word_1_324' title='bbox 1290 3283 1415 3343; x_wconf 83' lang='grc' dir='ltr'>τιμῶςιν·</span> 
     </span>
     <span class='ocr_line' id='line_1_35' title="bbox 244 3344 1416 3417; baseline 0.001 -16"><span class='ocrx_word' id='word_1_325' title='bbox 244 3351 262 3415; x_wconf 84' lang='grc' dir='ltr'>ἡ</span> <span class='ocrx_word' id='word_1_326' title='bbox 282 3349 339 3413; x_wconf 86' lang='grc' dir='ltr'>μὲν</span> <span class='ocrx_word' id='word_1_327' title='bbox 357 3350 412 3414; x_wconf 85' lang='grc' dir='ltr'>γὰρ</span> <span class='ocrx_word' id='word_1_328' title='bbox 430 3349 461 3400; x_wconf 77' lang='grc' dir='ltr'>ἐν</span> <span class='ocrx_word' id='word_1_329' title='bbox 479 3348 604 3417; x_wconf 86' lang='grc' dir='ltr'>πολέμῳ,</span> <span class='ocrx_word' id='word_1_330' title='bbox 624 3349 641 3413; x_wconf 87' lang='grc' dir='ltr'>ἣ</span> <span class='ocrx_word' id='word_1_331' title='bbox 661 3348 696 3399; x_wconf 87' lang='grc' dir='ltr'>δὲ</span> <span class='ocrx_word' id='word_1_332' title='bbox 715 3347 760 3399; x_wconf 85' lang='grc' dir='ltr'>καί</span> <span class='ocrx_word' id='word_1_333' title='bbox 779 3347 809 3398; x_wconf 80' lang='grc' dir='ltr'>έν</span> <span class='ocrx_word' id='word_1_334' title='bbox 828 3344 925 3415; x_wconf 85' lang='grc' dir='ltr'>εἰρήνη</span> <span class='ocrx_word' id='word_1_335' title='bbox 943 3348 1080 3413; x_wconf 88' lang='grc' dir='ltr'>χρήςιμος.</span> <span class='ocrx_word' id='word_1_336' title='bbox 1108 3352 1176 3400; x_wconf 85' lang='grc'><strong>1408</strong></span> <span class='ocrx_word' id='word_1_337' title='bbox 1196 3363 1214 3400; x_wconf 86' lang='lat' dir='ltr'>a</span> <span class='ocrx_word' id='word_1_338' title='bbox 1237 3357 1247 3400; x_wconf 92' lang='grc'>1</span> <span class='ocrx_word' id='word_1_339' title='bbox 1272 3350 1313 3402; x_wconf 87' lang='grc' dir='ltr'>ἔτι</span> <span class='ocrx_word' id='word_1_340' title='bbox 1332 3351 1363 3402; x_wconf 81' lang='grc' dir='ltr'>δέ</span> <span class='ocrx_word' id='word_1_341' title='bbox 1381 3350 1416 3402; x_wconf 90' lang='grc' dir='ltr'>τά</span> 
     </span>
     <span class='ocr_line' id='line_1_36' title="bbox 245 3416 1416 3486; baseline 0.002 -14"><span class='ocrx_word' id='word_1_342' title='bbox 245 3420 294 3484; x_wconf 85' lang='grc' dir='ltr'>μέν</span> <span class='ocrx_word' id='word_1_343' title='bbox 307 3418 517 3485; x_wconf 88' lang='grc' dir='ltr'>παραδείγματα</span> <span class='ocrx_word' id='word_1_344' title='bbox 532 3418 850 3485; x_wconf 85' lang='grc' dir='ltr'>δημηγορικώτερα,</span> <span class='ocrx_word' id='word_1_345' title='bbox 864 3419 900 3470; x_wconf 87' lang='grc' dir='ltr'>τὰ</span> <span class='ocrx_word' id='word_1_346' title='bbox 914 3416 1137 3484; x_wconf 81' lang='grc' dir='ltr'>δ”ένθυμήματα</span> <span class='ocrx_word' id='word_1_347' title='bbox 1152 3421 1416 3486; x_wconf 86' lang='grc' dir='ltr'>δικανικώτερα·</span> 
     </span>
     <span class='ocr_line' id='line_1_37' title="bbox 245 3490 1417 3557; baseline 0.002 -14"><span class='ocrx_word' id='word_1_348' title='bbox 245 3492 263 3556; x_wconf 86' lang='grc' dir='ltr'>ἣ</span> <span class='ocrx_word' id='word_1_349' title='bbox 284 3492 342 3555; x_wconf 86' lang='grc' dir='ltr'>μὲν</span> <span class='ocrx_word' id='word_1_350' title='bbox 361 3491 414 3557; x_wconf 82' lang='grc' dir='ltr'>γὰρ</span> <span class='ocrx_word' id='word_1_351' title='bbox 433 3493 495 3557; x_wconf 76' lang='grc' dir='ltr'>περὶ</span> <span class='ocrx_word' id='word_1_352' title='bbox 512 3492 547 3543; x_wconf 87' lang='grc' dir='ltr'>τὸ</span> <span class='ocrx_word' id='word_1_353' title='bbox 567 3490 674 3555; x_wconf 84' lang='grc' dir='ltr'>μέλλον,</span> <span class='ocrx_word' id='word_1_354' title='bbox 694 3490 711 3554; x_wconf 88' lang='grc' dir='ltr'>ἣ</span> <span class='ocrx_word' id='word_1_355' title='bbox 731 3490 767 3542; x_wconf 86' lang='grc' dir='ltr'>δέ</span> <span class='ocrx_word' id='word_1_356' title='bbox 784 3491 846 3556; x_wconf 84' lang='grc' dir='ltr'>περί</span> <span class='ocrx_word' id='word_1_357' title='bbox 861 3491 953 3542; x_wconf 86' lang='grc' dir='ltr'>ὄντων</span> <span class='ocrx_word' id='word_1_358' title='bbox 971 3492 989 3555; x_wconf 83' lang='grc' dir='ltr'>ἢ</span> <span class='ocrx_word' id='word_1_359' title='bbox 1010 3493 1046 3556; x_wconf 87' lang='grc' dir='ltr'>μὴ</span> <span class='ocrx_word' id='word_1_360' title='bbox 1061 3491 1162 3556; x_wconf 82' lang='grc' dir='ltr'>ὄντων,</span> <span class='ocrx_word' id='word_1_361' title='bbox 1182 3491 1215 3543; x_wconf 90' lang='grc' dir='ltr'>οὑ</span> <span class='ocrx_word' id='word_1_362' title='bbox 1232 3494 1336 3555; x_wconf 80' lang='grc' dir='ltr'>μᾶλλον</span> <span class='ocrx_word' id='word_1_363' title='bbox 1350 3493 1417 3545; x_wconf 86' lang='grc' dir='ltr'>ἀπό-</span> 
     </span>
     <span class='ocr_line' id='line_1_38' title="bbox 243 3559 1416 3627; baseline 0.002 -12"><span class='ocrx_word' id='word_1_364' title='bbox 243 3561 323 3616; x_wconf 83' lang='grc' dir='ltr'>δειξίς</span> <span class='ocrx_word' id='word_1_365' title='bbox 341 3562 396 3614; x_wconf 88' lang='grc' dir='ltr'>έςτι</span> <span class='ocrx_word' id='word_1_366' title='bbox 415 3564 459 3614; x_wconf 84' lang='grc' dir='ltr'>καλ</span> <span class='ocrx_word' id='word_1_367' title='bbox 478 3562 593 3627; x_wconf 85' lang='grc' dir='ltr'>ἀνάγκη.</span> <span class='ocrx_word' id='word_1_368' title='bbox 631 3559 697 3613; x_wconf 84' lang='grc' dir='ltr'>Μοί.</span> <span class='ocrx_word' id='word_1_369' title='bbox 719 3565 742 3625; x_wconf 89' lang='grc'>1,</span> <span class='ocrx_word' id='word_1_370' title='bbox 762 3565 814 3613; x_wconf 84' lang='grc'><strong>439</strong></span> <span class='ocrx_word' id='word_1_371' title='bbox 834 3575 851 3612; x_wconf 83' lang='lat' dir='ltr'>a</span> <span class='ocrx_word' id='word_1_372' title='bbox 869 3566 902 3613; x_wconf 90' lang='grc'>33</span> <span class='ocrx_word' id='word_1_373' title='bbox 931 3562 1022 3614; x_wconf 87' lang='grc' dir='ltr'>Ὅλως</span> <span class='ocrx_word' id='word_1_374' title='bbox 1043 3578 1076 3614; x_wconf 92' lang='grc' dir='ltr'>τε</span> <span class='ocrx_word' id='word_1_375' title='bbox 1099 3566 1208 3627; x_wconf 87' lang='grc' dir='ltr'>ςημεῑον</span> <span class='ocrx_word' id='word_1_376' title='bbox 1233 3567 1285 3615; x_wconf 92' lang='grc' dir='ltr'>τοῦ</span> <span class='ocrx_word' id='word_1_377' title='bbox 1310 3562 1416 3617; x_wconf 84' lang='grc' dir='ltr'>εἰδότος</span> 
     </span>
     <span class='ocr_line' id='line_1_39' title="bbox 243 3632 1417 3700; baseline 0.001 -13"><span class='ocrx_word' id='word_1_378' title='bbox 243 3635 277 3687; x_wconf 87' lang='grc' dir='ltr'>τὸ</span> <span class='ocrx_word' id='word_1_379' title='bbox 297 3634 427 3686; x_wconf 86' lang='grc' dir='ltr'>δύναςθαι</span> <span class='ocrx_word' id='word_1_380' title='bbox 449 3633 584 3685; x_wconf 86' lang='grc' dir='ltr'>διδάςκειν</span> <span class='ocrx_word' id='word_1_381' title='bbox 605 3633 677 3685; x_wconf 85' lang='grc' dir='ltr'>έςτίν</span> <span class='ocrx_word' id='word_1_382' title='bbox 700 3633 745 3684; x_wconf 80' lang='grc' dir='ltr'>καί</span> <span class='ocrx_word' id='word_1_383' title='bbox 770 3633 814 3683; x_wconf 85' lang='grc' dir='ltr'>διὰ</span> <span class='ocrx_word' id='word_1_384' title='bbox 832 3636 918 3684; x_wconf 92' lang='grc' dir='ltr'>τοῦτο</span> <span class='ocrx_word' id='word_1_385' title='bbox 941 3634 994 3698; x_wconf 88' lang='grc' dir='ltr'>τὴν</span> <span class='ocrx_word' id='word_1_386' title='bbox 1016 3632 1142 3698; x_wconf 89' lang='grc' dir='ltr'>τέχνην</span> <span class='ocrx_word' id='word_1_387' title='bbox 1165 3637 1216 3698; x_wconf 80' lang='grc' dir='ltr'>τῆς</span> <span class='ocrx_word' id='word_1_388' title='bbox 1234 3634 1417 3700; x_wconf 81' lang='grc' dir='ltr'>ἐμπειρίας</span> 
     </span>
     <span class='ocr_line' id='line_1_40' title="bbox 244 3702 1417 3770; baseline 0.003 -14"><span class='ocrx_word' id='word_1_389' title='bbox 244 3707 355 3769; x_wconf 76' lang='grc' dir='ltr'>μᾶλλον.</span> <span class='ocrx_word' id='word_1_390' title='bbox 393 3702 507 3769; x_wconf 83' lang='grc' dir='ltr'>οἰόμεθα</span> <span class='ocrx_word' id='word_1_391' title='bbox 526 3703 676 3769; x_wconf 84' lang='grc' dir='ltr'>έπιςτήμην</span> <span class='ocrx_word' id='word_1_392' title='bbox 695 3704 777 3756; x_wconf 82' lang='grc' dir='ltr'>εἶναι·</span> <span class='ocrx_word' id='word_1_393' title='bbox 798 3703 960 3755; x_wconf 85' lang='grc' dir='ltr'>δύνανται</span> <span class='ocrx_word' id='word_1_394' title='bbox 978 3704 1045 3770; x_wconf 82' lang='grc' dir='ltr'>γάρ,</span> <span class='ocrx_word' id='word_1_395' title='bbox 1069 3703 1101 3756; x_wconf 87' lang='grc' dir='ltr'>οἳ</span> <span class='ocrx_word' id='word_1_396' title='bbox 1120 3705 1150 3756; x_wconf 71' lang='grc' dir='ltr'>δ’</span> <span class='ocrx_word' id='word_1_397' title='bbox 1174 3705 1208 3756; x_wconf 85' lang='grc' dir='ltr'>οὐ</span> <span class='ocrx_word' id='word_1_398' title='bbox 1227 3706 1360 3758; x_wconf 84' lang='grc' dir='ltr'>δύνανται</span> <span class='ocrx_word' id='word_1_399' title='bbox 1378 3709 1417 3759; x_wconf 89' lang='grc' dir='ltr'>δι-</span> 
     </span>
     <span class='ocr_line' id='line_1_41' title="bbox 244 3772 1416 3844; baseline 0.002 -16"><span class='ocrx_word' id='word_1_400' title='bbox 244 3776 360 3830; x_wconf 83' lang='grc' dir='ltr'>δάςιςειν.</span> <span class='ocrx_word' id='word_1_401' title='bbox 386 3774 443 3828; x_wconf 88' lang='lat' dir='ltr'>eth.</span> <span class='ocrx_word' id='word_1_402' title='bbox 462 3774 523 3828; x_wconf 85' lang='lat' dir='ltr'>Nio.</span> <span class='ocrx_word' id='word_1_403' title='bbox 542 3780 567 3843; x_wconf 86' lang='grc' dir='ltr'>θ,</span> <span class='ocrx_word' id='word_1_404' title='bbox 589 3778 657 3827; x_wconf 80' lang='grc'><strong>1413</strong></span> <span class='ocrx_word' id='word_1_405' title='bbox 672 3773 691 3826; x_wconf 92' lang='lat' dir='ltr'>b</span> <span class='ocrx_word' id='word_1_406' title='bbox 709 3778 744 3826; x_wconf 88' lang='grc'><strong>38</strong></span> <span class='ocrx_word' id='word_1_407' title='bbox 768 3772 841 3826; x_wconf 85' lang='grc' dir='ltr'>εἰδὲ</span> <span class='ocrx_word' id='word_1_408' title='bbox 860 3776 896 3840; x_wconf 85' lang='grc' dir='ltr'>μὴ</span> <span class='ocrx_word' id='word_1_409' title='bbox 915 3776 1018 3828; x_wconf 86' lang='grc' dir='ltr'>τούτου</span> <span class='ocrx_word' id='word_1_410' title='bbox 1033 3775 1112 3841; x_wconf 85' lang='grc' dir='ltr'>χάριν</span> <span class='ocrx_word' id='word_1_411' title='bbox 1126 3776 1297 3841; x_wconf 87' lang='grc' dir='ltr'>φρόνιμον</span> <span class='ocrx_word' id='word_1_412' title='bbox 1311 3778 1416 3844; x_wconf 87' lang='grc' dir='ltr'>θετέον,</span> 
     </span>
     <span class='ocr_line' id='line_1_42' title="bbox 244 3844 1418 3912; baseline 0.002 -13"><span class='ocrx_word' id='word_1_413' title='bbox 244 3847 313 3899; x_wconf 87' lang='grc' dir='ltr'>ἀλλὰ</span> <span class='ocrx_word' id='word_1_414' title='bbox 330 3851 382 3899; x_wconf 91' lang='grc' dir='ltr'>τοῦ</span> <span class='ocrx_word' id='word_1_415' title='bbox 404 3846 555 3912; x_wconf 87' lang='grc' dir='ltr'>γίγνεςθοι,</span> <span class='ocrx_word' id='word_1_416' title='bbox 577 3851 637 3899; x_wconf 76' lang='grc' dir='ltr'>τοῖς</span> <span class='ocrx_word' id='word_1_417' title='bbox 660 3845 718 3899; x_wconf 85' lang='grc' dir='ltr'>οὑςι</span> <span class='ocrx_word' id='word_1_418' title='bbox 741 3844 899 3898; x_wconf 86' lang='grc' dir='ltr'>ςπουδοίοις</span> <span class='ocrx_word' id='word_1_419' title='bbox 922 3847 1005 3899; x_wconf 81' lang='grc' dir='ltr'>οὐθέν</span> <span class='ocrx_word' id='word_1_420' title='bbox 1028 3847 1062 3898; x_wconf 88' lang='grc' dir='ltr'>ἂν</span> <span class='ocrx_word' id='word_1_421' title='bbox 1086 3845 1137 3912; x_wconf 83' lang='grc' dir='ltr'>εἴη</span> <span class='ocrx_word' id='word_1_422' title='bbox 1160 3846 1302 3912; x_wconf 81' lang='grc' dir='ltr'>χρήςιμος·</span> <span class='ocrx_word' id='word_1_423' title='bbox 1329 3850 1418 3901; x_wconf 80' lang='grc' dir='ltr'>ἔπιδ’</span> 
     </span>
     <span class='ocr_line' id='line_1_43' title="bbox 244 3915 1417 3984; baseline 0.002 -14"><span class='ocrx_word' id='word_1_424' title='bbox 244 3918 310 3971; x_wconf 83' lang='grc' dir='ltr'>οὐδὲ</span> <span class='ocrx_word' id='word_1_425' title='bbox 328 3923 387 3971; x_wconf 84' lang='grc' dir='ltr'>τοῖς</span> <span class='ocrx_word' id='word_1_426' title='bbox 405 3920 441 3983; x_wconf 89' lang='grc' dir='ltr'>μὴ</span> <span class='ocrx_word' id='word_1_427' title='bbox 460 3919 579 3982; x_wconf 85' lang='grc' dir='ltr'>ἔχουςιν·</span> <span class='ocrx_word' id='word_1_428' title='bbox 606 3916 689 3969; x_wconf 87' lang='grc' dir='ltr'>οῦθὲν</span> <span class='ocrx_word' id='word_1_429' title='bbox 708 3917 762 3983; x_wconf 84' lang='grc' dir='ltr'>γὰρ</span> <span class='ocrx_word' id='word_1_430' title='bbox 781 3915 874 3969; x_wconf 88' lang='grc' dir='ltr'>διοίςει</span> <span class='ocrx_word' id='word_1_431' title='bbox 892 3917 996 3970; x_wconf 86' lang='grc' dir='ltr'>αὐτοῦς</span> <span class='ocrx_word' id='word_1_432' title='bbox 1013 3918 1085 3982; x_wconf 84' lang='grc' dir='ltr'>ἔχειν</span> <span class='ocrx_word' id='word_1_433' title='bbox 1104 3919 1121 3984; x_wconf 86' lang='grc' dir='ltr'>ἢ</span> <span class='ocrx_word' id='word_1_434' title='bbox 1142 3918 1234 3970; x_wconf 86' lang='grc' dir='ltr'>ἄλλοις</span> <span class='ocrx_word' id='word_1_435' title='bbox 1251 3919 1343 3984; x_wconf 81' lang='grc' dir='ltr'>ἔχουςι</span> <span class='ocrx_word' id='word_1_436' title='bbox 1361 3920 1417 3972; x_wconf 89' lang='grc' dir='ltr'>πεί-</span> 
     </span>
     <span class='ocr_line' id='line_1_44' title="bbox 243 3987 1417 4058; baseline 0.001 -16"><span class='ocrx_word' id='word_1_437' title='bbox 243 3992 343 4042; x_wconf 89' lang='grc' dir='ltr'>θεςθαι.</span> <span class='ocrx_word' id='word_1_438' title='bbox 366 3987 449 4042; x_wconf 81' lang='lat' dir='ltr'>Ithet.</span> <span class='ocrx_word' id='word_1_439' title='bbox 461 3994 485 4054; x_wconf 85' lang='lat'>1,</span> <span class='ocrx_word' id='word_1_440' title='bbox 505 3993 574 4042; x_wconf 89' lang='grc'><strong>1383</strong></span> <span class='ocrx_word' id='word_1_441' title='bbox 589 4004 607 4041; x_wconf 88' lang='lat' dir='ltr'>a</span> <span class='ocrx_word' id='word_1_442' title='bbox 620 3992 655 4040; x_wconf 81' lang='grc'><strong>35</strong></span> <span class='ocrx_word' id='word_1_443' title='bbox 674 3988 710 4040; x_wconf 86' lang='grc' dir='ltr'>τά</span> <span class='ocrx_word' id='word_1_444' title='bbox 728 3988 782 4054; x_wconf 89' lang='grc' dir='ltr'>γάρ</span> <span class='ocrx_word' id='word_1_445' title='bbox 800 3989 898 4054; x_wconf 88' lang='grc' dir='ltr'>πόρριυ</span> <span class='ocrx_word' id='word_1_446' title='bbox 917 3989 1025 4055; x_wconf 83' lang='grc' dir='ltr'>ςφάδρςι</span> <span class='ocrx_word' id='word_1_447' title='bbox 1043 3989 1077 4040; x_wconf 85' lang='grc' dir='ltr'>οῦ</span> <span class='ocrx_word' id='word_1_448' title='bbox 1092 3991 1259 4054; x_wconf 83' lang='grc' dir='ltr'>φοβοῦνται·</span> <span class='ocrx_word' id='word_1_449' title='bbox 1278 3990 1346 4043; x_wconf 89' lang='grc' dir='ltr'>ίςαςι</span> <span class='ocrx_word' id='word_1_450' title='bbox 1363 3992 1417 4058; x_wconf 84' lang='grc' dir='ltr'>γὰρ</span> 
     </span>
     <span class='ocr_line' id='line_1_45' title="bbox 244 4059 1416 4127; baseline 0.002 -14"><span class='ocrx_word' id='word_1_451' title='bbox 244 4061 346 4113; x_wconf 88' lang='grc' dir='ltr'>πάντες</span> <span class='ocrx_word' id='word_1_452' title='bbox 364 4061 408 4113; x_wconf 84' lang='grc' dir='ltr'>ὅτι</span> <span class='ocrx_word' id='word_1_453' title='bbox 427 4061 693 4127; x_wconf 85' lang='grc' dir='ltr'>ἀποθανοῦνται,</span> <span class='ocrx_word' id='word_1_454' title='bbox 713 4059 778 4112; x_wconf 80' lang='grc' dir='ltr'>ἀλλ’</span> <span class='ocrx_word' id='word_1_455' title='bbox 796 4059 840 4112; x_wconf 86' lang='grc' dir='ltr'>ὅτι</span> <span class='ocrx_word' id='word_1_456' title='bbox 859 4059 910 4112; x_wconf 86' lang='grc' dir='ltr'>οῦκ</span> <span class='ocrx_word' id='word_1_457' title='bbox 928 4060 1039 4126; x_wconf 80' lang='grc' dir='ltr'>ἐγγύς,</span> <span class='ocrx_word' id='word_1_458' title='bbox 1065 4060 1148 4112; x_wconf 87' lang='grc' dir='ltr'>οὐδὲν</span> <span class='ocrx_word' id='word_1_459' title='bbox 1171 4059 1357 4127; x_wconf 85' lang='grc' dir='ltr'>φροντίζουςι,</span> <span class='ocrx_word' id='word_1_460' title='bbox 1393 4061 1416 4114; x_wconf 84' lang='grc' dir='ltr'>Ε</span> 
     </span>
     <span class='ocr_line' id='line_1_46' title="bbox 243 4129 1416 4200; baseline 0.002 -16"><span class='ocrx_word' id='word_1_461' title='bbox 243 4129 336 4200; x_wconf 88' lang='lat' dir='ltr'>poetis</span> <span class='ocrx_word' id='word_1_462' title='bbox 346 4129 459 4185; x_wconf 77' lang='lat' dir='ltr'>Graecis</span> <span class='ocrx_word' id='word_1_463' title='bbox 477 4130 581 4184; x_wconf 87' lang='lat' dir='ltr'>similia</span> <span class='ocrx_word' id='word_1_464' title='bbox 599 4132 801 4198; x_wconf 84' lang='lat' dir='ltr'>oongesserunt</span> <span class='ocrx_word' id='word_1_465' title='bbox 814 4129 1032 4184; x_wconf 78' lang='lat' dir='ltr'>Velelrenaerins</span> <span class='ocrx_word' id='word_1_466' title='bbox 1046 4130 1083 4183; x_wconf 82' lang='lat' dir='ltr'>ad</span> <span class='ocrx_word' id='word_1_467' title='bbox 1097 4130 1201 4185; x_wconf 91' lang='lat' dir='ltr'>Phoen.</span> <span class='ocrx_word' id='word_1_468' title='bbox 1216 4136 1259 4197; x_wconf 88' lang='grc'>13,</span> <span class='ocrx_word' id='word_1_469' title='bbox 1278 4131 1416 4186; x_wconf 83' lang='lat' dir='ltr'>Porsenna</span> 
     </span>
     <span class='ocr_line' id='line_1_47' title="bbox 245 4199 1416 4269; baseline 0.003 -14"><span class='ocrx_word' id='word_1_470' title='bbox 245 4201 282 4255; x_wconf 85' lang='lat' dir='ltr'>ad</span> <span class='ocrx_word' id='word_1_471' title='bbox 303 4201 371 4256; x_wconf 89' lang='grc' dir='ltr'>Ηοο.</span> <span class='ocrx_word' id='word_1_472' title='bbox 390 4207 436 4268; x_wconf 92' lang='grc'><strong>33,</strong></span> <span class='ocrx_word' id='word_1_473' title='bbox 461 4200 605 4255; x_wconf 83' lang='lat' dir='ltr'>Neuokius</span> <span class='ocrx_word' id='word_1_474' title='bbox 628 4203 664 4254; x_wconf 84' lang='lat' dir='ltr'>ed</span> <span class='ocrx_word' id='word_1_475' title='bbox 684 4199 769 4269; x_wconf 86' lang='lat' dir='ltr'>Soph.</span> <span class='ocrx_word' id='word_1_476' title='bbox 793 4200 835 4254; x_wconf 83' lang='lat' dir='ltr'>El.</span> <span class='ocrx_word' id='word_1_477' title='bbox 862 4206 914 4256; x_wconf 85' lang='grc'><strong>963</strong></span> <span class='ocrx_word' id='word_1_478' title='bbox 933 4200 980 4254; x_wconf 81' lang='lat' dir='ltr'>OC</span> <span class='ocrx_word' id='word_1_479' title='bbox 999 4206 1064 4267; x_wconf 88' lang='grc'><strong>731,</strong></span> <span class='ocrx_word' id='word_1_480' title='bbox 1095 4202 1196 4269; x_wconf 89' lang='lat' dir='ltr'>quibus</span> <span class='ocrx_word' id='word_1_481' title='bbox 1219 4201 1309 4257; x_wconf 79' lang='lat' dir='ltr'>addas</span> <span class='ocrx_word' id='word_1_482' title='bbox 1337 4204 1416 4258; x_wconf 86' lang='lat' dir='ltr'>Pind.</span> 
     </span>
     <span class='ocr_line' id='line_1_48' title="bbox 244 4271 1416 4344; baseline 0.002 -17"><span class='ocrx_word' id='word_1_483' title='bbox 244 4274 324 4327; x_wconf 89' lang='lat' dir='ltr'>Nem.</span> <span class='ocrx_word' id='word_1_484' title='bbox 343 4271 421 4338; x_wconf 84' lang='lat' dir='ltr'>Vlll,</span> <span class='ocrx_word' id='word_1_485' title='bbox 440 4277 487 4340; x_wconf 88' lang='grc'><strong>31,</strong></span> <span class='ocrx_word' id='word_1_486' title='bbox 511 4289 526 4325; x_wconf 92' lang='grc' dir='ltr'>ο</span> <span class='ocrx_word' id='word_1_487' title='bbox 545 4272 636 4341; x_wconf 92' lang='lat' dir='ltr'>poetis</span> <span class='ocrx_word' id='word_1_488' title='bbox 655 4271 761 4326; x_wconf 81' lang='lat' dir='ltr'>Letims</span> <span class='ocrx_word' id='word_1_489' title='bbox 780 4271 880 4326; x_wconf 87' lang='lat' dir='ltr'>Munro</span> <span class='ocrx_word' id='word_1_490' title='bbox 904 4272 941 4327; x_wconf 87' lang='lat' dir='ltr'>ad</span> <span class='ocrx_word' id='word_1_491' title='bbox 959 4271 1038 4327; x_wconf 86' lang='lat' dir='ltr'>Luer.</span> <span class='ocrx_word' id='word_1_492' title='bbox 1058 4271 1111 4336; x_wconf 83' lang='lat' dir='ltr'>lv,</span> <span class='ocrx_word' id='word_1_493' title='bbox 1130 4277 1195 4338; x_wconf 76' lang='lat'>9343</span> <span class='ocrx_word' id='word_1_494' title='bbox 1226 4290 1259 4327; x_wconf 85' lang='lat' dir='ltr'>ae</span> <span class='ocrx_word' id='word_1_495' title='bbox 1282 4291 1318 4327; x_wconf 89' lang='lat' dir='ltr'>ne</span> <span class='ocrx_word' id='word_1_496' title='bbox 1342 4276 1416 4344; x_wconf 81' lang='lat' dir='ltr'>apud</span> 
     </span>
     <span class='ocr_line' id='line_1_49' title="bbox 245 4342 1415 4411; baseline 0.001 -12"><span class='ocrx_word' id='word_1_497' title='bbox 245 4345 386 4399; x_wconf 81' lang='lat' dir='ltr'>nostrates</span> <span class='ocrx_word' id='word_1_498' title='bbox 404 4342 518 4411; x_wconf 87' lang='lat' dir='ltr'>quidem</span> <span class='ocrx_word' id='word_1_499' title='bbox 536 4343 650 4399; x_wconf 90' lang='lat' dir='ltr'>omnino</span> <span class='ocrx_word' id='word_1_500' title='bbox 669 4343 740 4398; x_wconf 80' lang='lat' dir='ltr'>telio</span> <span class='ocrx_word' id='word_1_501' title='bbox 759 4343 863 4397; x_wconf 86' lang='lat' dir='ltr'>desunt</span> <span class='ocrx_word' id='word_1_502' title='bbox 885 4344 920 4397; x_wconf 85' lang='lat' dir='ltr'>ef.</span> <span class='ocrx_word' id='word_1_503' title='bbox 941 4342 1070 4410; x_wconf 82' lang='lat' dir='ltr'>Sohiller‚</span> <span class='ocrx_word' id='word_1_504' title='bbox 1089 4342 1292 4399; x_wconf 88' lang='lat' dir='ltr'>Wallensteins</span> <span class='ocrx_word' id='word_1_505' title='bbox 1310 4346 1372 4400; x_wconf 82' lang='lat' dir='ltr'>&#39;l&#39;od</span> <span class='ocrx_word' id='word_1_506' title='bbox 1390 4366 1415 4401; x_wconf 86' lang='lat' dir='ltr'>v.</span> 
     </span>
     <span class='ocr_line' id='line_1_50' title="bbox 245 4415 916 4484; baseline 0 -16"><span class='ocrx_word' id='word_1_507' title='bbox 245 4420 296 4469; x_wconf 87' lang='grc'>897</span> <span class='ocrx_word' id='word_1_508' title='bbox 317 4415 413 4484; x_wconf 82' lang='lat' dir='ltr'>Goed.‚</span> <span class='ocrx_word' id='word_1_509' title='bbox 433 4416 550 4483; x_wconf 83' lang='lat' dir='ltr'>Goethe,</span> <span class='ocrx_word' id='word_1_510' title='bbox 568 4415 657 4470; x_wconf 84' lang='lat' dir='ltr'>Faust</span> <span class='ocrx_word' id='word_1_511' title='bbox 673 4416 695 4481; x_wconf 95' lang='grc' dir='ltr'>Ι,</span> <span class='ocrx_word' id='word_1_512' title='bbox 713 4435 739 4469; x_wconf 84' lang='grc' dir='ltr'>ν.</span> <span class='ocrx_word' id='word_1_513' title='bbox 760 4420 810 4468; x_wconf 93' lang='grc'>717</span> <span class='ocrx_word' id='word_1_514' title='bbox 830 4415 916 4483; x_wconf 87' lang='lat' dir='ltr'>Loep.</span> 
     </span>
    </p>
   </div>
   <div class='ocr_carea' id='block_1_11' title="bbox 1496 3187 1498 3338">
    <p class='ocr_par' dir='ltr' id='par_1_11' title="bbox 1496 3187 1498 3338">
     <span class='ocr_line' id='line_1_51' title="bbox 1496 3187 1498 3262; baseline 0 0"><span class='ocrx_word' id='word_1_515' title='bbox 1496 3187 1498 3262; x_wconf 87' lang='lat' dir='ltr'>l</span> 
     </span>
     <span class='ocr_line' id='line_1_52' title="bbox 1496 3271 1498 3338; baseline 0 0"><span class='ocrx_word' id='word_1_516' title='bbox 1496 3271 1498 3338; x_wconf 87' lang='lat' dir='ltr'>l</span> 
     </span>
    </p>
   </div>
   <div class='ocr_carea' id='block_1_12' title="bbox 0 0 1530 5109">
    <p class='ocr_par' dir='ltr' id='par_1_12' title="bbox 0 0 1530 5109">
     <span class='ocr_line' id='line_1_53' title="bbox 0 0 1530 5109; baseline 0 0"><span class='ocrx_word' id='word_1_517' title='bbox 0 0 1530 5109; x_wconf 95' lang='lat' dir='ltr'> </span> 
     </span>
    </p>
   </div>
  </div>
 </body>
</html>
