3050 5109
298 275 302 279 *
381 247 620 304 Lucubrationnm
637 247 853 319 Euripidearnm
869 250 964 318 capita
982 249 1092 306 selecta.
1256 249 1327 314 311

155 409 376 498 116661611669)
419 418 467 478 Me
490 421 605 491 autem,
633 418 685 494 qui
708 438 792 478 meae
814 419 976 479 memoriae
1003 439 1063 480 non
1091 420 1166 480 satis
1193 420 1324 497 fiderem,

40 552 42 556 -
155 507 403 568 Wilamowitzius
427 507 546 566 edocuit
564 507 644 583 apud
663 508 847 586 Aeschylum
867 512 897 567 et
915 509 1090 584 Euripidem
1109 510 1183 568 nihil
1202 510 1265 568 tale
1283 509 1326 567 in·

156 598 259 674 veniri,
280 616 373 656 unum
392 597 561 672 exemplum
580 590 662 673 apud
681 596 858 672 Sophoclem
878 597 927 657 Tr.
948 602 1010 658 119

268 699 354 763 οὕτω
374 699 409 762 δὲ
429 698 486 761 τὸν
507 699 691 776 Καδμογενῆ
711 700 836 777 τρέφει,
856 699 893 761 τὸ
913 696 945 763 b
965 699 1052 793 αὔξει
1073 698 1182 780 βιότου

267 786 497 852 πολύπονον’
477 808 583 865 ωεπερ
603 788 743 863 πέλαγος
764 789 904 868 Κρήειον

159 917 243 988 Quod
272 936 343 976 vero
370 917 468 992 premi
501 918 586 976 vetat
573 916 726 993 tt'Haup
718 934 764 975 rus
797 917 909 992 periuri
947 918 1097 977 notionem
1131 918 1328 995 intellegique

158 1009 243 1067 iubet
261 1007 395 1065 homines
413 1006 578 1081 improbos,
596 1006 652 1064 hoc
667 1008 828 1081 antequam
843 1006 1008 1080 credamus,
1026 1008 1091 1066 iure
1110 1007 1329 1084 postulabimus

158 1098 301 1172 exempla.
337 1096 513 1170 Euripidem
530 1096 624 1172 igitur
642 1099 696 1153 aut
722 1096 872 1154 fateamur
896 1114 1016 1155 necesse
1043 1099 1089 1154 est
1115 1115 1133 1155 a
1158 1096 1243 1156 nobis
1269 1116 1327 1155 nou

158 1186 294 1261 intellegi
314 1188 367 1244 aut
386 1184 548 1260 significari
571 1183 712 1243 dicendus
731 1185 824 1243 homo‘
845 1185 936 1260 aliqui
955 1185 1104 1260 periurus.
1139 1185 1204 1244 Iam
1227 1186 1329 1244 memi-

157 1275 255 1351 neris,
289 1274 436 1349 quomodo
468 1274 623 1348 periurum
656 1291 721 1332 esse
754 1273 892 1332 demonst
879 1277 940 1332 tret
968 1273 1142 1334 Leocratem
1170 1275 1328 1351 Lycurgus

159 1357 193 1444 (ἓ
211 1366 249 1423 16
267 1356 338 1443 sar)
353 1381 450 1422 nonne
469 1361 581 1436 optime
600 1363 655 1421 hoc
674 1361 822 1438 quadrare
841 1363 983 1421 concedes
998 1362 1027 1421 in
1043 1382 1120 1439 eum,
1139 1363 1191 1440 qui
1209 1365 1240 1421 in
1249 1364 1331 1422 Atti

159 1472 225 1511 cam
244 1452 364 1510 duxerit
382 1450 642 1526 Lacedaemonios,
661 1450 868 1510 Alcibiadem?

249 1539 380 1599 Coretus
404 1560 463 1599 non
487 1559 553 1598 sum
576 1540 709 1600 refutare
732 1559 781 1615 ea,
808 1541 915 1616 quihus
939 1560 986 1600 vv
1008 1542 1226 1601 1233—1359
1252 1560 1329 1600 com·

164 1633 244 1690 motu
248 1649 262 1689 s
281 1634 329 1689 est
347 1629 499 1688 Nauckius
519 1631 554 1687 ut
573 1629 690 1704 spurios
708 1629 855 1718 iudicaret
874 1623 925 1707 (de
944 1633 1044 1705 tragg
1060 1629 1332 1691 Graeo.fr1.obss

160 1721 239 1780 critt.
257 1740 285 1795 p.
307 1711 356 1799 8):
375 1737 471 1794 neque
490 1718 569 1777 enim
588 1736 718 1793 possum.
727 1709 766 1799 ⁰)
803 1717 862 1776 Sed
881 1718 1026 1794 quidquid
1045 1720 1206 1777 statuimus
1230 1720 1305 1778 de
1285 1739 1332 1795 us,

161 1828 238 1884 quae
256 1809 308 1866 ille
326 1807 527 1883 reprehendit,
547 1808 585 1865 ab
604 1808 818 1882 interpolatore
832 1807 979 1883 proficisci
992 1809 1126 1883 potuisse
1135 1827 1183 1868 vv.
1197 1811 1280 1868 1347
1292 1828 1331 1868 66.

159 1917 219 1957 uon
236 1901 341 1973 potero
360 1897 532 1973 concedere,
554 1897 613 1955 nisi
636 1896 715 1955 forte
733 1897 894 1971 probatum
918 1896 977 1954 erit
1002 1897 1248 1973 interpolatorem
1266 1916 1333 1956 con-

161 1988 241 2046 sulto
260 1986 422 2045 inseruisse
445 2004 493 2059 ea,
518 2005 594 2062 quae
615 1985 753 2061 legentes
773 1985 845 2044 anni
864 1987 927 2044 413
952 1989 983 2044 et
1006 1987 1201 2062 expeditionis
1217 1986 1334 2046 Siculae

161 2076 456 2135 commonefacerent.

251 2159 443 2223 Zielinskium
457 2165 590 2223 refutare
605 2182 734 2239 possum.
759 2163 808 2223 Ab
822 2163 991 2242 Hartungio
1007 2157 1094 2243 (Eur.
1108 2168 1179 2224 rest.
1194 2165 1233 2240 Π,
1255 2158 1333 2247 391)

159 2255 211 2313 1116
222 2254 266 2313 ait
276 2255 512 2313 demonstratum
523 2253 655 2312 eiusdem
670 2253 850 2313 didascaliae
864 2253 959 2313 fuisse
972 2253 1122 2313 Electram
1138 2257 1168 2314 61
1177 2254 1332 2313 Η616116111.

161 2343 255 2420 Atqui
269 2342 414 2402 Helenam
435 2361 512 2401 anno
523 2344 587 2401 413
608 2361 672 2402 6666
693 2343 885 2420 superiorem,
899 2361 971 2415 ‚esse
989 2343 1091 2419 igitur,
1111 2348 1146 2402 ut
1159 2344 1332 2419 habeamus,

160 2451 218 2510 quo
233 2453 281 2492 νν.
290 2436 457 2507 postremos
476 2431 651 2505 referamus,
665 2432 815 2490 Electram
831 2432 869 2490 ad
883 2431 991 2506 prioris
1006 2432 1201 2506 expeditionis
1217 2432 1334 2492 Siculae

160 2527 279 2598 tempus
302 2521 498 2582 referendam.
536 2519 593 2589 oui
619 2521 678 2579 iam
709 2520 770 2579 sint
797 2521 844 2580 1111
871 2515 1026 2594 ἐπίορκοι,
1053 2539 1112 2580 non
1139 2521 1191 2580 ille
1215 2523 1334 2581 disertis

162 2611 262 2671 verbis
282 2610 363 2687 dicit,
382 2611 434 2669 sed
453 2629 520 2669 cum
539 2610 689 2670 dicturum
709 2629 741 2668 se
761 2629 827 2669 esse
845 2610 1022 2686 profiteatur
1040 2629 1070 2685 p.
1086 2612 1137 2684 98,
1155 2628 1215 2670 non
1234 2613 1335 2686 potest

161 2720 220 2760 uon
234 2700 381 2776 cogitasse
397 2700 433 2758 de
443 2699 649 2776 Syracusanis,
664 2700 716 2775 qui
729 2699 842 2774 perfide
852 2699 1020 2758 Messanam
1034 2699 1182 2774 cepissent
1193 2691 1236 2781 (p.
1246 2692 1333 2782 111).

161 2790 369 2850 Admonentur
378 2788 473 2864 igitur
483 2789 689 2863 Athenienses,
705 2807 741 2846 ne
758 2789 881 2847 eandem
896 2807 986 2864 quam
1002 2790 1102 2847 hostes
1113 2807 1215 2849 eorum
1226 2808 1332 2850 navem

160 2879 288 2956 intrent3
316 2896 392 2954 quae
411 2876 574 2937 admonitio
595 2898 633 2937 an
656 2877 946 2952 necessaria‘fuerit,
965 2876 1097 2936 dubitari
1121 2881 1201 2937 certe
1225 2882 1333 2954 potest.

162 2967 338 3043 Quanquam
361 2966 433 3043 quid
456 2985 530 3042 opus
550 2969 597 3027 est
619 2967 756 3044 singulas
782 2985 927 3042 quaerere
950 2966 1173 3026 difficultates?
1199 2967 1276 3026 Nam
1296 2968 1333 3027 de

162 3076 194 3114 re
220 3058 363 3129 universa
389 3055 537 3132 disputari
564 3075 624 3114 non
650 3056 774 3131 poterit,
804 3059 964 3131 antequam
994 3056 1244 3116 demonstraverit
1270 3057 1332 3115 Zie-

162 3136 289 3204 lin'skius
311 3146 410 3204 minus
435 3146 510 3205 bene
536 3165 582 3205 vv.
607 3145 660 3203 El·
674 3147 849 3205 1278-84
877 3144 1002 3202 indicari
1030 3148 1240 3221 argumentum
1270 3146 1333 3205 eius

162 3234 291 3308 fabulae,
310 3254 386 3310 quae
405 3238 475 3309 post
493 3253 602 3293 aunum
622 3234 759 3294 futurum
780 3234 820 3293 sit
837 3236 873 3293 ut
891 3235 1045 3309 doceatur,
1065 3253 1155 3310 quam
1173 3234 1237 3293 eius
1257 3253 1333 3310 quae

165 3327 307 3399 sequatur
325 3314 535 3403 6661166677)
583 3313 586 3318 ’

235 3459 279 3525 69)
299 3456 394 3511 Veluti
412 3459 456 3511 est
474 3456 547 3526 apud
566 3456 715 3511 Alcaeum:

375 3548 411 3600 Ὕ
412 3563 436 3600 ει
455 3548 504 3612 μὲν
524 3548 540 3599 ὁ
558 3548 640 3615 Ζεὺς,
660 3547 691 3599 ἐκ
707 3546 739 3599 b’
757 3547 853 3612 οράνω
873 3547 958 3612 μέγα(

376 3617 491 3686 χείμαιν,

164 3709 199 3760 ap
200 3689 238 3743 ud
256 3687 417 3743 Horatium.
538 3686 542 3692 ’
985 3743 988 3748 ,

377 3758 472 3813 Vides
483 3760 515 3812 ut
533 3761 593 3815 alta
611 3762 667 3815 stet
686 3758 750 3814 nive
770 3759 920 3813 candidum

378 3832 528 3886 Soracte.

236 3925 281 3990 70)
299 3919 373 3974 illud
391 3921 503 3974 tantum
521 3921 727 3976 adfirmaverim
741 3919 881 3975 immerito
895 3918 1062 3989 reprehendi
1075 3936 1093 3975 6
1106 3915 1242 3988 Nauokio,
1262 3921 1336 3989 quod

164 3995 277 4062 praeter
300 3990 530 4045 consuetudinem
552 3994 699 4061 poetarum
724 3992 895 4062 tragicorum
915 3990 1084 4045 Graecorum
1107 3990 1137 4045 in
1156 4011 1181 4045 v.
1203 3999 1272 4046 1234
1297 3992 1337 4045 di·

165 4064 343 4134 stinguantur
361 4063 419 4116 θεοί
439 4066 468 4116 61
486 4063 622 4128 δαίμονες.
648 4063 711 4134 lpse
730 4064 805 4119 enim
824 4063 858 4117 de
870 4062 1025 4132 Musgravii
1043 4063 1205 4118 coniectura
1223 4064 1335 4134 scripsit

164 4137 230 4190 Heo.
253 4141 303 4188 1⁰3
380 4225 390 4242 ·
559 4262 570 4270 ,
912 4211 967 4260 ποί)
986 4223 1028 4259 τι(
1047 4210 1120 4260 θεῶν

377 4279 394 4343 ἢ
415 4275 522 4342 δαίμων
540 4283 598 4346 νῷν
618 4279 771 4345 (δαιμόνων
790 4277 867 4347 libri)
886 4279 1042 4345 ἐπαρωγὸες

237 4370 282 4436 11)
301 4366 415 4420 Possint
443 4365 554 4418 obstare
582 4365 673 4419 videri
701 4366 838 4420 Electrae
856 4367 971 4420 numeri.
1013 4364 1087 4420 Nam
1115 4368 1145 4419 et
1172 4364 1336 4433 Rumpelins

168 4439 281 4509 (Philol.
301 4445 343 4506 24,
363 4439 475 4506 40766.)
499 4435 634 4509 ostandit,
658 4438 682 4490 si
700 4438 752 4492 hos
772 4439 893 4507 spectes,
920 4437 1123 4507 antiquioribus
1141 4435 1245 4492 fabulis
1263 4438 1336 4491 simi-
