3050 5109
397 235 636 289 Lucubrationum
655 232 869 305 Euripidearum
888 233 983 304 capita
1002 234 1117 289 selecta.
1278 233 1343 298 235

172 404 215 462 De
230 403 337 480 quibus
352 404 502 479 sepositus
516 403 601 463 nobis
616 404 698 464 loeus
713 404 771 463 erit
786 396 828 484 (p.
837 406 900 463 248
912 395 975 485 ss),
990 423 1047 480 quo
1061 402 1120 463 nisi
1133 406 1250 464 coactos
1265 404 1344 462 ariti-

172 511 275 552 eorum
293 496 396 569 paries
412 512 462 552 eos
477 513 538 552 non
551 493 648 571 egisse
663 493 914 569 demonsiremns3
933 513 1013 553 nune
1026 497 1061 553 ut
1075 497 1106 553 et
1118 494 1186 552 illos
1202 496 1233 551 et
1245 511 1343 568 gram-

171 581 296 642 matieos
312 583 416 642 siatim
430 584 631 656 absolvamus,
649 582 762 660 inspice
776 584 852 641 hane
867 583 1012 660 tabulam,
1031 603 1091 659 qua
1104 585 1251 659 quosquos
1265 582 1342 641 eius-

172 671 251 730 modi
276 672 496 747 discrepantiae
520 673 549 731 in
575 670 701 732 senariis
726 672 922 733 inveniuntur
945 672 1047 749 paullo
1070 663 1268 750 graviores⁵)‚
1292 689 1342 730 eas

171 764 206 819 ut
224 779 361 837 quaeque
384 762 415 819 in
439 763 565 837 singulis
590 761 776 821 senariorum
800 762 922 821 sedibus
945 762 1151 836 inveniuniur,
1176 761 1208 819 in
1231 761 1341 820 classes

171 848 304 926 digestas
324 851 477 911 exhibebo.

487 973 520 1034 Σ.
1039 974 1069 1034 S.

747 1089 773 1143 1.

260 1186 325 1247 Ale.
366 1190 431 1247 810
477 1185 515 1248 οὐ
530 1191 611 1263 χρῆν
625 1185 660 1264 μ’
740 1208 743 1212 ·
874 1185 991 1250 οὐκοῦν
1011 1183 1044 1262 μ’

347 1279 433 1336 1040
479 1271 508 1337 εἴ
525 1275 584 1337 τὀν
848 1273 963 1356 ,εἴπερ
1012 1308 1014 1312 ·

248 1364 324 1424 Med.
367 1367 431 1426 575
478 1362 602 1441 χοῦτω(
874 1363 978 1428 οὕτω(
997 1361 1030 1426 δ’

729 1497 783 1567 ln.

247 1598 324 1659 Med.
346 1600 430 1658 1118
477 1597 516 1673 δή
874 1595 924 1659 τοί
987 1625 989 1628 ·

696 1728 819 1800 1—-2‚1.

246 1830 323 1889 Med.
367 1833 430 1891 309
476 1827 506 1890 τί
524 1826 585 1905 γάρ
605 1827 641 1890 cii
660 1825 695 1904 μ’
870 1828 906 1891 ci
925 1827 986 1904 γὰρ
1005 1826 1034 1890 τί
1052 1826 1087 1903 μ’

346 1923 427 1980 1351
476 1916 598 1995 μακρὰν
618 1916 658 1981 ἂν
868 1914 1002 1997 ἦμὰκρ’
1020 1914 1061 1980 ἄν

709 2048 803 2106 1-2.

244 2151 321 2210 Med.
363 2154 426 2212 955
474 2150 595 2227 πατρὸς
611 2149 715 2229 πατήρ
869 2149 973 2228 πατὴρ
992 2147 1113 2230 πατρός

728 2283 784 2338 21.

259 2383 322 2443 Ale.
361 2386 425 2443 560
471 2379 546 2444 ποτ’
749 2324 756 2356 ’
868 2401 929 2458 περ
1008 2423 1012 2426 -

228 2502 231 2505 ’
366 2474 429 2532 815
477 2490 506 2534 τι
867 2491 900 2535 (ε

724 2604 779 2676 aa

258 2703 324 2764 Ale.
365 2707 429 2765 428
476 2700 507 2764 θ’
528 2703 561 2766 οἵ
864 2724 899 2767 τε

243 2792 321 2852 Med.
363 2796 425 2854 259
473 2792 508 2855 δέ
863 2791 922 2857 οὖν

683 2925 834 2982 22—31.

243 3024 321 3087 Med.
341 3028 426 3086 1357
473 3021 583 3087 ἀνατεί
705 2967 712 2999 ’
799 2969 806 3000 2
860 3024 978 3105 ἀτίμω(

726 3158 781 3215 31.

245 3258 320 3317 Med.
363 3260 427 3318 588
474 3256 510 3318 cii
747 3201 754 3233 ²
859 3258 911 3336 μοί

342 3350 425 3407 1201
474 3342 605 3424 ἀδήλοις
854 3347 984 3427 ἀδήλων

726 3479 782 3552 31.

256 3579 319 3638 Ale.
362 3581 427 3639 200
472 3576 509 3654 ἦ(
856 3580 884 3644 εἰ

363 3670 426 3728 322
473 3668 580 3744 μηκέτι
851 3669 957 3734 οὐκέτι

242 3758 319 3818 Med.
340 3760 426 3818 1130
472 3754 574 3820 οἰκίαν
851 3757 955 3822 ἑετίαν

344 3849 428 3907 1328
474 3847 574 3909 τλᾶεα
851 3851 957 3926 δρῶεα

677 3978 826 4036 32-42.

176 4117 183 4130 .
240 4079 317 4138 Med.
360 4081 421 4138 741
471 4073 609 4151 ὠγύναι
698 4021 706 4051 Ὶ
793 4023 800 4052 ,
851 4081 888 4143 ἐν
907 4078 1017 4154 λόγοι(

129 4271 134 4281 ’
235 4280 284 4352 ’5)
298 4282 393 4339 Facile
412 4283 442 4338 in
459 4283 504 4338 his
528 4284 636 4355 aliquas
655 4285 796 4356 invenias,
820 4305 892 4357 quae
910 4288 1043 4344 litterulis
1062 4289 1185 4345 confusis
1203 4291 1337 4362 explicari

166 4353 284 4424 possint.
312 4354 369 4436 ⁸Sed
384 4371 437 4481 ege
451 4355 523 4411 illud
536 4357 607 4441 mihi
620 4359 754 4442 proposui
769 4377 902 4428 quaerere
915 4362 998 4429 unde,
1018 4361 1047 4416 si
1064 4378 1223 4417 summam
1238 4380 1335 4433 spec-

166 4426 378 4496 tamus‚1llaa
416 4430 604 4498 increpantiae
624 4430 702 4485 ortae
722 4432 786 4485 nni
