3050 5109
195 247 274 319 312,
661 243 785 300 Evaldus
803 246 911 299 Bruhu:

282 415 348 477 Iam
373 415 468 493 igitur
483 435 556 494 ⁴non
583 416 681 476 solum
704 412 844 490 Sophocli
872 414 1039 474 vindicatus
1068 416 1114 473 est
1141 414 1237 487 locus,
1264 429 1370 470 verum

195 506 286 566 etiam
304 511 356 566 cur
373 505 481 564 irrisus
500 506 540 565 sit
559 506 597 565 ab
616 504 769 579 Euripide,
789 503 911 563 scimus:
930 503 1169 581 reprehendebat
1187 502 1239 559 ille
1259 499 1370 576 Sopho·

196 596 286 670 clem,
309 594 390 671 quod
412 594 559 655 Herodoti
581 594 681 671 gratie
698 593 849 670 languidis
868 593 1007 653 versibus
1026 592 1213 669 tragoediam
1232 589 1371 664 deturpa·
1517 595 1518 646 l

194 686 297 745 visset.
333 682 432 743 Facile
451 703 529 743 nunc
546 683 748 755 inveniuntur,
767 701 844 758 quae
863 682 958 758 reliqu
965 682 991 740 ie
1010 682 1126 741 duobus
1144 680 1278 739 Helenae
1296 675 1369 738 locis
1517 649 1518 744 ί

195 774 227 832 in
245 773 365 834 Electre
382 773 597 850 respondeant:
615 792 663 833 ru.
683 773 793 832 eolus.

375 928 380 932 .
409 891 436 955 ὦ
455 894 610 957 Πέλοπος
629 890 649 955 ἁ
668 889 806 970 πρόςθεν

409 979 597 1046 πολύπονος
615 979 726 1045 ἱππεία

410 1070 454 1134 ὡς
473 1069 588 1149 ἔμολες
606 1068 718 1149 αἰανὴς

410 1164 485 1242 τᾷδε
505 1163 555 1243 γᾷ.

410 1248 482 1313 εὖτε
501 1250 562 1327 γὰρ
582 1247 601 1313 ὁ
620 1249 797 1335 ποντιςθεὶς

411 1337 571 1416 Μυρτίλος
590 1335 740 1416 ἐκοιμάθη

299 1433 364 1492 510
409 1426 602 1505 παγχρύςων
620 1426 655 1491 ἐκ
674 1425 800 1506 δίφρων

411 1514 577 1580 δαςτόινοις
596 1514 709 1580 οἰκίαι(

411 1604 580 1684 πρόρριζος
599 1603 772 1685 ἐκριφθείς,

410 1692 498 1758 οὔτί
519 1714 571 1759 πω
740 1755 743 1758 ,

410 1782 521 1848 ἔλιπεν
539 1783 573 1848 ἐκ
591 1779 684 1847 τοῦδ)
702 1781 810 1847 οἴκους

413 1872 599 1937 πολύπονος
618 1871 702 1936 αἰκία

197 1998 384 2081 (quanquam
403 2002 482 2060 enim
499 2001 598 2061 fateor
616 2019 663 2060 me
681 2002 806 2077 nescire,
824 2020 878 2061 cur
895 2003 950 2060 hos
969 2021 1074 2062 versus
1093 2001 1138 2058 ita
1154 1999 1371 2077 significaverit

196 2091 369 2169 Euripides,
393 2090 575 2167 significatos
599 2108 649 2150 eos
673 2108 738 2149 esse
761 2094 885 2166 propter
909 2110 978 2149 eum
1003 2092 1113 2165 locum,
1138 2090 1174 2148 de
1198 2108 1257 2165 quo
1283 2094 1374 2150 antea

198 2181 362 2257 disputari,
385 2198 444 2239 non
462 2174 582 2257 dubito)
602 2182 633 2239 et
652 2198 699 2241 vr.
719 2180 793 2240 satis
812 2179 916 2255 frigidi
934 2198 994 2238 non
1013 2179 1127 2239 eliade
1149 2196 1240 2237 cauea
1258 2178 1372 2254 scripti,

197 2270 256 2330 nisi
272 2289 310 2329 ne
329 2269 392 2328 sine
419 2268 570 2328 sententia
595 2267 692 2327 abiret
711 2267 832 2328 Orestes
852 2261 902 2347 (cf.
924 2268 1092 2329 Wilamow.
1115 2266 1219 2327 Herm.
1240 2269 1291 2345 18,
1307 2270 1371 2327 257

198 2363 229 2419 et
246 2377 324 2435 quae
342 2357 447 2417 attulit
460 2356 683 2415 Heimsoethius
703 2357 740 2417 de
758 2358 909 2433 interpell.
924 2358 1092 2434 eomm.VI,
1106 2360 1181 2432 θρα,
1202 2376 1371 2434 quanquam

199 2448 226 2507 is
243 2448 333 2507 aliter
351 2436 526 2526 explicavit)
547 2446 677 2507 1505ss.
972 2452 976 2459 ’

412 2569 492 2644 χρῆν
511 2561 544 2628 δ’
563 2564 656 2630 εὐθὺς
676 2563 758 2630 εἶναι
775 2567 871 2645 τήνδε
890 2570 959 2631 τοῖς
977 2569 1070 2631 πᾶςιν
1090 2565 1180 2645 δίκην

411 2653 496 2719 ὅςτις
514 2656 598 2733 πέρα
615 2654 766 2733 πράςςειν
783 2676 821 2731 γε
840 2659 906 2719 τῶν
925 2655 1034 2734 νόμιον
1053 2657 1152 2735 θέλει,

411 2742 557 2809 κτείνειν·
576 2744 614 2809 τὸ
633 2744 694 2823 γὰρ
714 2749 901 2823 πανοῦργον
920 2745 978 2809 οὐκ
997 2744 1038 2809 ἂν
1055 2746 1095 2826 ἦν
1114 2746 1207 2810 πολύ.

287 2891 533 2951 Demonstratum
556 2889 693 2951 existimo
712 2890 864 2952 Electram
883 2890 1079 2969 Sophocleam
1101 2892 1133 2951 in
1151 2892 1269 2953 Helena
1286 2893 1374 2952 Euri-

199 2982 288 3058 pides
301 2980 480 3057 compluries
493 2980 625 3057 irrideri,
641 2981 725 3055 atqui
735 2979 852 3041 Helena
864 2981 952 3042 docte
966 2986 1013 3042 est
1022 3001 1048 3042 a.
1060 2983 1123 3041 412
1135 2974 1243 3064 (schol.
1253 2983 1374 3044 Thesm.

202 3073 297 3132 1012.
333 3070 407 3129 Ran.
428 3071 469 3130 53
488 3070 525 3128 cf.
543 3069 707 3146 Hermann,
725 3071 818 3146 praef.
837 3069 905 3132 Hel.
915 3063 999 3152 VH).

288 3159 354 3218 Scio
373 3178 451 3218 nune
470 3160 525 3217 hoc
543 3176 661 3234 quoque
681 3158 858 3218 labefactari
881 3178 899 3218 a
919 3154 1093 3233 Zielin'skio,
1117 3160 1302 3238 Gliederung
1321 3161 1375 3220 der

199 3250 347 3308 attischen
373 3246 518 3308 Komddie
546 3248 597 3305 97.
639 3246 788 3306 Videntur
814 3251 917 3307 autem
944 3249 1008 3308 eius
1035 3254 1214 3324 argumenta
1246 3251 1374 3310 refutari

199 3355 296 3414 posse.
324 3336 459 3395 Primum
478 3335 558 3396 enirn
577 3336 667 3395 schol.
677 3334 772 3397 Arist.
783 3337 839 3397 Ar,
850 3339 914 3397 348
929 3340 1099 3398 antestatus
1116 3343 1177 3399 est:
1196 3335 1247 3399 καί
1261 3339 1375 3401 δοῦναι

413 3507 431 3573 ἦ
451 3507 506 3575 μὴν
523 3508 592 3561 ποθ’
610 3509 628 3575 ἡ
648 3508 782 3576 δύςτηνος
800 3508 876 3574 εἶχον
895 3507 1006 3562 ἐλπίδας

412 3579 516 3633 πολλὰς
534 3579 564 3636 ἐν
582 3579 646 3645 ὑμῖν
664 3580 933 3648 γηροβοςκήςειν
951 3580 981 3634 τ’
999 3578 1108 3645 ἐμέ...

202 3687 325 3752 Quaeras
353 3684 444 3739 simile
473 3684 549 3755 apud
573 3684 719 3754 Senecam,
748 3685 921 3754 Cornelium,
945 3684 1123 3755 Klingerum,
1147 3687 1375 3758 Grillperzerum3

201 3758 306 3812 frustra
332 3771 456 3824 quaeres.
497 3756 555 3811 Fac
583 3756 702 3825 denique
728 3757 787 3811 filio
811 3755 857 3811 dei
881 3757 958 3810 iussu
982 3758 1102 3811 matrem
1126 3776 1186 3814 esse
1209 3761 1378 3827 necandam

201 3829 281 3882 illum
300 3844 348 3881 cur
366 3828 419 3881 hoc
436 3828 625 3883 necessarium
639 3828 683 3896 sit,
703 3845 798 3883 secum
811 3829 955 3899 reputare3
974 3832 1154 3898 reputantem
1168 3831 1253 3886 etiem
1268 3835 1378 3902 egesta·

202 3904 260 3954 tem
279 3898 396 3966 adferre,
415 3914 472 3969 qua
490 3901 579 3954 matre
599 3900 711 3953 demum
729 3902 831 3954 necata
849 3899 987 3968 desiturus
1002 3900 1040 3953 sit
1053 3901 1159 3970 premi:
1177 3920 1269 3957 nonne
1284 3905 1377 3958 horre-

202 3988 294 4026 remus
313 3968 516 4026 adulescentuli
534 3969 684 4025 duritiem?
711 3970 788 4024 Audi
807 3969 934 4025 Orestem
952 3970 1138 4041 Aeschyleum
1158 3973 1224 4031 Cho.
1245 3981 1296 4029 293

415 4061 460 4113 καί
477 4061 548 4127 πρὸς
565 4060 649 4116 πιέζει
667 4060 851 4128 χρημάτων
871 4060 1003 4128 ἀχηνία.
1108 4061 1110 4064 ’

203 4164 243 4219 Et
259 4165 379 4234 fuerunt,
399 4165 447 4235 qui
465 4165 590 4222 Orestem
601 4143 789 4236 sophocleum
808 4167 923 4236 propter
941 4167 1014 4222 hene
1027 4168 1139 4238 quidem
1155 4186 1270 4226 caueam
1284 4173 1377 4229 dicere

203 4253 261 4292 non
279 4235 404 4308 potuisse
424 4240 570 4292 crederent
588 4237 630 4291 El.
651 4243 683 4292 71
695 4256 716 4291 s.

416 4347 461 4404 καί
480 4347 517 4413 μή
536 4347 568 4412 μ’
586 4344 684 4412 ἄτιμον
702 4348 785 4414 πῆςδ’
803 4345 980 4413 ἀποςτείλητε
999 4351 1062 4415 γῆς,

417 4417 480 4471 ἀλλ’
498 4417 732 4486 ἀρχέπλουτον
751 4421 796 4472 καί
815 4419 989 4487 καταςτάτην
1008 4420 1110 4486 δόμων.
1207 4492 1210 4497 .
