3050 5109
190 221 256 285 284
653 220 777 277 Evaldus
797 220 903 274 Bruhnz

190 390 230 467 ἣν
254 389 289 450 δέ
318 391 446 452 καλοῦ(ι
475 389 532 464 μέν
560 385 714 466 ἰατρικήν,
744 388 874 466 βοήθεια
902 387 937 450 δέ
967 407 1030 449 που
1058 387 1109 449 καὶ
1138 386 1217 465 αὕτη
1246 386 1361 464 (χεδὸν

190 475 275 541 dcccv
299 475 379 555 ὧραι
403 476 498 554 ψύχει
521 477 573 539 καὶ
595 476 728 553 καύματι
752 474 894 587 ἀκαίρῳ
919 477 1080 554 ληῖζονται
1103 476 1161 554 τὴν
1182 478 1249 539 τῶν
1268 477 1363 558 Ζῴυιν

191 566 294 648 φύειν,
312 572 391 630 unde
410 568 550 645 Sophocli
568 569 787 629 restituendum
806 571 955 644 suspicor:

403 689 520 768 τὸγὰρ
540 688 655 755 νεάῑον
674 691 710 754 ἐν
734 693 872 754 τοιοῑεδε
893 689 1036 769 βόεκεται

403 779 532 857 χῶροι(,
552 777 602 843 ἵν’
621 777 703 842 αὔτ’
722 776 882 857 ἄκαιρον
901 779 940 843 οὐ
960 779 1083 844 θάλπο(
1102 785 1179 844 θεοῦ

402 866 474 931 οὔτ’
494 866 611 947 όμβρο(
630 867 704 931 οὔτε
724 866 917 946 πνευμάτων
936 868 1033 932 ούδέν
1052 872 1168 933 κλονεῖ.

282 997 330 1058 Tr.
348 1000 411 1057 150
426 999 551 1057 conatus
566 1014 632 1055 sum
650 997 854 1057 demonstrare
872 1015 993 1073 prosam
1013 997 1178 1056 orationem
1196 1017 1250 1073 per
1268 1017 1362 1057 errro-

189 1107 253 1146 rem
271 1088 407 1147 versibus
432 1086 595 1145 admixtam
618 1103 696 1145 esse:
721 1087 841 1161 saepius
860 1087 1096 1146 contrafactum
1116 1089 1174 1163 est,
1202 1091 1236 1146 ut
1254 1093 1360 1164 poetae

190 1177 315 1235 alicuius
330 1177 533 1252 fragmentum
547 1175 579 1233 in
597 1175 675 1235 libro
693 1176 827 1250 pedestri
845 1175 980 1234 adlatum
998 1176 1187 1234 delitesceret
1204 1177 1284 1235 inter
1298 1196 1361 1236 oro-

189 1266 301 1325 tionem
316 1256 500 1345 solutam.³4)
531 1264 633 1323 Veluti
647 1284 682 1323 ex
701 1266 866 1325 editoribus
886 1265 1040 1324 Plutarchi
1058 1284 1145 1323 nemo
1163 1266 1283 1325 videtur
1297 1285 1362 1324 sen-

189 1356 265 1414 sisse
279 1358 394 1430 quaest.
409 1373 503 1431 symp.
518 1353 542 1427 l,
559 1356 586 1426 2,
603 1357 620 1412 3
638 1345 681 1432 (p.
693 1356 755 1413 615
767 1345 807 1434 Ε)
824 1351 951 1413 ἐκεῖνον
966 1351 1023 1427 μὲν
1038 1348 1097 1413 οῦν
1111 1353 1225 1433 πολλῶ
1245 1353 1361 1426 γε’λιιιτι

189 1439 395 1517 χαίροντα(
411 1438 679 1517 εὐφημοῦντα(
695 1439 901 1516 ἐκπέμπειν
917 1437 1043 1516 δόμων
1057 1439 1209 1503 ἐκέλευον
1220 1439 1251 1503 οἱ
1265 1461 1359 1503 κατα-

189 1528 326 1606 κείμενοι
345 1533 443 1591 inesse
463 1532 614 1590 senarium
633 1550 669 1591 ex
687 1531 841 1607 Euripidis
862 1530 1047 1608 Cresphonte
1065 1533 1193 1608 petitum
1212 1527 1263 1613 (fr.
1283 1535 1361 1610 4523

189 1621 282 1681 sensit
300 1612 481 1702 Nuuckius):

411 1742 580 1820 χαίροντα(
600 1740 826 1820 εὐφημοῦντα(
844 1742 1018 1820 ἐκπέμπειν
1038 1741 1156 1820 δόμων.

188 1871 293 1947 Neque
321 1873 375 1929 aut
397 1870 433 1929 de
457 1871 541 1929 Alex.
566 1889 588 1930 s.
612 1870 681 1931 virt.
705 1889 728 1929 s.
752 1871 821 1930 fort.
846 1891 887 1929 or.
909 1871 953 1945 II,
975 1875 1014 1930 13
1036 1865 1078 1950 (p.
1100 1874 1162 1931 343
1173 1866 1213 1950 Ε)
1238 1866 1297 1932 τίνι
1322 1867 1362 1932 dv

187 1976 234 2019 τι(
258 1954 421 2031 εἰκά(ειεν;
446 1958 465 2035 ἢ
490 1956 564 2033 πυρὶ
584 1955 739 2037 κεραυνίῳ
759 1955 887 2034 ῥαγέντι
907 1957 957 2019 καὶ
977 1958 1147 2039 φερομένῳ
1168 1958 1246 2035 μετὰ
1265 1956 1360 2021 πνεύ-

188 2065 287 2123 ματο(
310 2043 381 2108 οἷον
405 2046 457 2108 ἐπὶ
480 2050 540 2123 γῆν
563 2046 739 2123 κατέεκηφε
765 2044 892 2123 φάεμα
915 2045 1058 2124 Φοίβου
1087 2047 1362 2125 φλογοειδέειν

187 2132 323 2198 όπλοι(
355 2130 745 2217 περιλαμπόμενονῧὸ)
775 2138 870 2213 ipsius
899 2138 1055 2197 Plutarchi
1087 2158 1152 2198 esse
1185 2140 1362 2200 crediderim

187 2227 281 2287 verbu
289 2228 394 2287 notata
405 2229 458 2286 eut
471 2228 508 2286 de
523 2246 576 2286 suo
592 2228 719 2287 eundem
734 2227 844 2286 dixisse
859 2228 932 2304 reip.
944 2247 1005 2305 ger.
1015 2247 1128 2302 praeco.
1139 2231 1179 2288 17
1192 2221 1234 2308 (p.
1245 2231 1308 2289 813
1320 2224 1361 2307 Ε)

188 2311 271 2375 ἀλλὰ
295 2310 421 2377 κάκεῖνο
446 2313 552 2388 λέγειν
577 2307 655 2397 (δεῖ)
680 2312 760 2391 πρὸ(
785 2311 914 2376 ἑαυτόν·
940 2311 1118 2391 ἀρχόμενο(
1137 2312 1257 2392 ἄρχει(,
1281 2314 1360 2377 ὑπο-

188 2402 381 2479 τεταγμένη(
406 2399 533 2465 πόλεω(
557 2398 764 2480 ἀνθυπάτοιε,
789 2399 973 2480 ἐπιτρόποι(
995 2402 1157 2480 Καί(αρο(·
1177 2403 1221 2466 ού
1244 2407 1362 2466 ταῦτα

189 2489 331 2569 λόγχη(
350 2490 464 2554 πεδία
483 2490 560 2554 οὐδὲ
580 2489 611 2554 αἱ
631 2492 762 2554 παλαιαὶ
783 2490 912 2569 (ἀρδεκ
933 2541 982 2554 ...
1004 2494 1115 2554 Oomici
1135 2498 1235 2555 autem
1253 2498 1362 2571 poetae

187 2585 351 2643 frustulum
375 2584 519 2644 contineri
543 2583 662 2644 videtur
686 2584 776 2644 schol.
801 2584 853 2645 Ar.
879 2585 947 2643 Pac.
968 2587 1007 2644 65
1033 2583 1099 2644 τῶν
1123 2583 1257 2658 μανιῶν;
1291 2580 1362 2645 ἀντὶ

187 2672 245 2733 τοῦ
260 2673 316 2747 τῆ(
332 2668 456 2746 μανία(;
471 2669 572 2732 -καὶ
587 2670 622 2733 ἐν
637 2670 790 2748 νεφέλαι(
805 2666 853 2733 ‘cb
869 2673 900 2731 b'
918 2669 961 2733 εἰ(
981 2672 1135 2733 το(οῦτον
1154 2673 1220 2734 τῶν
1240 2673 1362 2747 μανιῶν

154 2836 156 2840 .
186 2756 363 2836 ἐλήλυθα(’.
399 2754 540 2843 (λέγεται
563 2758 599 2821 δέ
622 2759 673 2822 καὶ
697 2757 809 2823 ἑνικῶ(
831 2759 851 2838 ἡ
876 2758 988 2836 μανία
1012 2757 1046 2837 μ’
1069 2759 1286 2838 ἐπέρχεται,
1317 2759 1362 2822 ῶ(

188 2847 430 2911 ἐπιτοπλεῑετον
449 2847 484 2910 δέ
503 2843 746 2934 πληθυντικῶε.)
780 2852 899 2911 Etenim
920 2871 1089 2928 quanquam
1108 2853 1201 2927 probe
1221 2853 1280 2911 scio
1299 2873 1360 2912 ma·

188 2941 325 3018 gistellos
339 2941 414 3001 teliu
428 2942 564 3017 exempla
579 2959 667 3016 saepe
682 2942 718 3000 de
734 2959 788 3000 suo
798 2941 920 3019 fingere,
935 2946 996 3000 tam
1007 2943 1116 3000 mirum
1126 2945 1227 3001 tamen
1240 2961 1362 3002 sensum

188 3030 244 3088 tali
263 3031 397 3106 exemplo
418 3049 592 3106 expressum
610 3049 763 3107 nunquam
782 3030 890 3089 inveni.

277 3119 385 3179 Paullo
404 3119 525 3179 maioris
544 3120 689 3178 momenti
706 3120 763 3178 hoc
782 3123 837 3178 est.
870 3119 960 3178 Iason
974 3119 1155 3195 Euripideus
1169 3120 1222 3179 ubi
1239 3121 1363 3180 rescivit

187 3209 373 3269 atrocissimo
399 3210 499 3269 uxoris
524 3210 634 3269 scelere
652 3208 795 3284 perfidiae
815 3209 872 3266 sibi
891 3208 1057 3268 mercedem
1076 3210 1206 3269 solutam
1225 3229 1302 3283 esse,
1327 3212 1362 3268 ut

187 3299 375 3357 mortuorum
393 3302 474 3357 certe
492 3298 655 3357 liberorum
676 3298 821 3373 adspectu
840 3298 972 3374 fruetur,
996 3300 1116 3358 aedium
1138 3300 1219 3359 fores
1243 3299 1361 3378 effringi

186 3386 279 3447 iubet.
317 3386 372 3446 Oui
392 3387 507 3446 Medea:

269 3495 356 3552 1314
400 3487 429 3552 τί
447 3486 541 3552 τάεδε
561 3491 680 3552 κινεῖ(
699 3486 1004 3567 κάναμοχλεύει(
1023 3491 1144 3555 πύλα(

400 3579 533 3656 νεκροῦ(
552 3577 695 3656 ἐρευνῶν
714 3576 792 3657 κόιμὲ
812 3582 869 3657 τὴν
889 3578 1110 3659 εἰργα(μένην;

187 3708 270 3766 Haec
282 3687 425 3767 imitatus
444 3707 721 3784 Pseudogregorius
741 3708 875 3766 exhibet:

292 3834 353 3891 119
402 3825 428 3889 ῶ
446 3830 580 3906 τλῆμον,
600 3826 659 3891 ούκ
677 3824 759 3893 oicb’
778 3826 810 3891 οἷ
828 3831 934 3892 κακῶν
952 3829 1109 3908 ἐλήλυθα(

401 3917 452 3980 καὶ
470 3917 581 3980 τού(δε
602 3922 721 3981 κινεῖ(
740 3915 1041 3995 κάναμοχλεύει(
1061 3918 1209 3995 λόγου(

291 4013 354 4070 437
401 4005 430 4069 τί
448 4006 560 4069 τού(δε
579 4011 697 4071 κινεῖ(
716 4004 995 4085 ἀναμοχλεύει(
1016 4004 1096 4093 (sic)
1116 4008 1269 4085 λόγου(;
1340 4083 1349 4100 ⁸

188 4132 400 4141 *...-

278 4200 323 4266 34)
343 4198 435 4253 Multa
457 4197 596 4253 eiusmodi
619 4200 701 4254 docte
725 4200 754 4253 et
777 4202 860 4255 acute
882 4199 998 4255 inventa
1020 4200 1140 4270 protulit
1162 4201 1300 4255 Porsonus
1323 4201 1361 4255 ad

188 4269 253 4324 Eur.
274 4270 347 4326 Med.
368 4276 431 4339 139,
451 4269 622 4325 inveniende
641 4287 702 4325 esse
722 4270 795 4326 dixit
813 4271 979 4326 Welchems
997 4270 1043 4326 Gr.
1063 4273 1145 4343 Treg.
1165 4271 1205 4325 HI
1222 4271 1311 4341 prees.

280 4345 324 4412 35)
344 4342 453 4397 Similia
481 4342 515 4396 de
542 4342 640 4397 libello
669 4344 847 4398 antecedenti
870 4344 917 4412 qui
941 4342 1103 4399 inscribitur
1130 4346 1191 4411 crept
1218 4343 1361 4410 Ῥωμαίων

188 4414 274 4483 τύχη(
291 4418 308 4483 ἢ
329 4415 429 4482 ἀρετή(
448 4414 610 4470 observavit
629 4414 660 4470 0.
680 4415 793 4470 Orosius
813 4416 885 4471 Mne.
904 4416 993 4471 Rhen.
1013 4422 1054 4484 39,
1075 4422 1135 4471 600.
