3050 5109
368 227 605 283 anubrationum
625 226 838 295 Euripidemum
858 226 953 296 capita
971 226 1084 284 selecta.
1245 225 1310 290 245

35 395 51 406 ⁹
132 399 170 457 in
189 400 231 458 eis
245 396 398 458 vocabulis
417 395 522 473 magis·
534 396 625 455 etiam
644 414 733 471 quam
748 395 780 453 in
799 395 865 453 aliis
884 396 1008 472 volgare
1022 395 1140 454 dicendi
1157 413 1253 474 genus
1272 397 1310 455 ab

134 488 240 547 Attico
259 487 454 563 discrepasse,
474 485 529 544 scit
547 485 684 561 quisquis
702 483 829 543 Luciani
846 484 1050 559 Lexiphanem
1069 485 1207 559 inspexit.

226 576 349 652 Longus
363 595 431 635 sum
443 574 476 633 in
489 593 522 632 re
535 575 711 651 neutiquam
725 572 853 633 obscura
865 590 920 631 nec
933 572 1090 650 impedita3
1105 574 1157 632 sed
1171 574 1311 633 lubenter

132 665 315 741 reprehendi
328 684 376 723 me
390 664 500 740 patiar,
520 664 607 723 modo
626 662 764 721 omnibus
783 662 985 736 persuaserim
998 680 1058 720 non
1073 662 1242 738 opinionem
1260 664 1309 723 hic

130 754 277 830 proferri,
306 753 357 812 sed
381 753 560 813 sententiam
584 754 648 810 arte
668 752 856 827 exploratam
884 752 915 809 et
937 751 1054 809 ratione
1078 752 1309 812 constabilitam.

133 843 266 902 Videtur
285 843 373 918 enim,
393 842 418 901 si
437 861 506 901 vere
525 842 599 900 baec
623 840 778 916 disputata
798 842 882 912 sunt,
900 839 1036 897 nonnihil
1055 858 1091 897 ex
1109 840 1147 899 iis
1166 841 1308 900 utilitatis

131 933 312 991 redundare,
349 931 428 989 Nam
446 950 484 989 ne
503 930 574 1007 quid
593 930 690 988 dicam
713 928 749 987 de
769 928 819 1002 iis,
838 945 914 1004 quae
937 946 1029 1003 supra
1048 929 1206 1004 explicavi,
1231 948 1308 1005 quae

131 1022 196 1079 iam
220 1020 399 1079 dubitationi
427 1023 543 1078 exemta
566 1022 651 1077 sunt:
676 1036 767 1094 quam
791 1017 904 1075 multae
928 1017 1113 1093 excogitatae
1141 1020 1210 1077 sunt
1238 1037 1306 1077 oon-

133 1110 269 1169 iecturae
287 1109 420 1184 inutiles,
439 1108 510 1184 quia
528 1107 725 1185 grammatici,
744 1125 812 1165 cum
830 1107 1011 1181 persuadere
1029 1106 1087 1164 sibi
1104 1125 1164 1165 non
1182 1111 1306 1182 possent

132 1200 217 1258 ultra
234 1199 352 1257 litteras
371 1198 509 1256 confusas
528 1199 708 1272 receptaque
730 1196 761 1253 in
786 1198 901 1255 textum
923 1195 1191 1270 interpretamenta
1214 1196 1304 1255 libra-

130 1288 247 1347 riorum
265 1285 488 1363 neglegentiam
506 1285 671 1361 profectam
691 1302 770 1357 esse,
796 1288 832 1343 ut
853 1302 989 1360 quaeque
1007 1283 1195 1359 ineptissima
1218 1286 1309 1361 adpa-

25 1405 28 1412 1
131 1377 223 1435 rebat
239 1377 324 1436 varia
342 1376 441 1452 lectio,
459 1375 504 1433 ita
523 1374 571 1434 vel
589 1374 717 1432 maxime
737 1373 839 1432 arcani
861 1372 975 1449 aliquid
1000 1373 1057 1431 sub
1077 1391 1112 1432 ea
1135 1374 1228 1432 latere
1248 1374 1307 1433 rati

29 1483 33 1490 ’
131 1465 311 1523 coniecturis
330 1463 426 1523 irritis
444 1463 595 1523 litterulas
614 1461 822 1538 torquebant?
856 1460 950 1520 Velut
968 1461 1057 1538 soph·
1077 1463 1122 1521 El.
1145 1466 1160 1520 1

268 1599 295 1663 ὦ
314 1605 373 1665 τοῦ
393 1601 668 1680 (τρατηγήεαντοε
686 1599 723 1663 ἐν
742 1599 842 1680 Τροίᾳ
861 1601 940 1663 ποτέ

222 1743 509 1822 (τρατηγήεαντοε]
529 1762 579 1819 γρ.
597 1742 854 1820 τυραννήεαντο(
878 1737 917 1814 E
951 1811 954 1816 ,

130 1891 290 1950 delituisse
316 1889 372 1947 sub
395 1865 523 1947 lectione
552 1887 734 1972 discrepanti
761 1888 900 1963 opinatus
925 1892 971 1948 est
993 1890 1154 1950 Mauricius
1175 1890 1310 1950 Schmidt

41 2027 42 2030 ,
133 1974 253 2058 (philol.
272 1978 352 2052 XIV,
372 1969 465 2056 469):

266 2095 293 2159 ὦ
312 2101 370 2161 τοῦ
389 2096 495 2175 πυρὰν
514 2097 670 2176 νήεαντοε
688 2093 804 2161 Ἰδαίαν
822 2099 910 2162 ποτέ.

130 2245 327 2303 Admiramur
355 2243 484 2302 hominis
512 2242 678 2302 doctrinam
711 2247 742 2302 et
769 2262 907 2320 acumem
939 2243 1043 2304 eadem
1071 2245 1223 2305 incassum
1249 2248 1305 2304 im-

132 2334 223 2409 pendi
242 2334 384 2392 dolemus.
422 2330 539 2401 Quanto
563 2336 665 2391 autem
688 2333 802 2392 rectius
824 2333 962 2393 hocloco
985 2352 1058 2392 usus
1078 2339 1126 2393 est
1149 2335 1304 2395 Nauckius

131 2423 169 2480 ad
190 2422 424 2482 confirmandum
442 2420 474 2478 id
493 2422 572 2497 quod
591 2420 663 2481 Ant.
683 2422 701 2479 8
722 2421 912 2480 scribendum
931 2422 1069 2481 coniecit:

265 2559 316 2621 καὶ
334 2563 393 2623 νῦν
406 2556 436 2621 τί
454 2557 545 2623 τοῦτ’
564 2557 605 2622 αὗ
624 2579 700 2637 <pou
720 2560 877 2643 πανδήμῳ
896 2558 989 2623 πόλει

265 2649 408 2727 κήρυγμα
426 2652 528 2712 θεῖναι
546 2647 605 2712 τὸν
624 2647 784 2726 τύραννον
804 2648 994 2731 ((τρατηγὸν
1012 2645 1098 2735 libri)
1117 2648 1247 2731 ἀρτίω(;

129 2807 264 2891 (poterat
283 2810 410 2870 eundem
427 2813 460 2870 in
477 2812 567 2871 finem
585 2812 709 2871 laudare
728 2812 800 2870 Eur.
819 2811 890 2870 Hec.
910 2814 985 2889 809,
1002 2814 1055 2873 ubi
1072 2834 1127 2889 pro
1144 2810 1302 2888 τύραννοί

131 2907 178 2960 est
195 2898 347 2961 δέεποινα
366 2901 398 2959 in
416 2893 479 2981 L0).
518 2901 596 2959 Tum
613 2932 657 2942 -
681 2900 736 2960 bac
761 2901 840 2960 enim
863 2901 894 2959 in
913 2901 986 2961 reS
1010 2921 1070 2961 non
1088 2904 1186 2962 minus
1213 2922 1301 2979 saepe

132 3009 220 3066 quam
239 2988 264 3049 Σ
283 3008 422 3065 peccasse
446 2990 589 3049 credibile
608 2994 655 3050 est
684 3021 721 3031 -
742 2991 774 3047 in
792 2990 903 3071 fabulis
926 3009 1034 3049 novem
1057 2991 1206 3067 prioribus
1225 3012 1302 3068 quae

130 3079 161 3136 in
179 3079 218 3136 L⁰
237 3086 268 3138 et
286 3079 324 3136 1³⁰
346 3079 391 3136 ita
413 3079 597 3154 interpolata
619 3082 749 3138 suntne
772 3079 860 3138 nobis
884 3079 1006 3138 offucias
1031 3080 1158 3155 faciant,
1180 3081 1303 3141 obstant

129 3168 200 3226 libri
218 3167 338 3229 scholiis
356 3168 506 3242 instructi,
524 3187 583 3227 non
601 3168 675 3227 item
692 3168 724 3226 in
742 3167 853 3227 fabulis
872 3169 1097 3242 posterioribus.
1133 3168 1181 3229 Ibi
1199 3173 1301 3229 autem

129 3257 250 3315 illarum
268 3256 532 3332 interpolationem
553 3260 623 3316 sunt
645 3276 721 3332 quae
744 3256 922 3331 investigari
945 3258 1063 3317 omnino
1087 3277 1147 3317 non
1169 3260 1300 3335 possint,

129 3347 193 3421 quis
208 3347 288 3404 enim
297 3343 481 3419 diiudicabit,
500 3340 598 3416 γόνο(
612 3364 650 3404 an
664 3340 759 3405 τόκος
775 3345 929 3420 scripserit
938 3345 1118 3420 Euripides?
1138 3349 1209 3405 sunt
1223 3367 1299 3422 quae

130 3435 244 3509 possint
271 3435 401 3493 fortasse
429 3433 624 3511 deprehendi3
651 3453 711 3493 non
736 3437 838 3493 tamen
865 3434 893 3491 ei
920 3435 1042 3510 negotio
1067 3436 1224 3510 quisquam
1246 3455 1301 3510 par

131 3523 198 3600 erit,
226 3523 285 3582 nisi
314 3525 344 3581 et
371 3522 509 3581 intimam
537 3542 604 3582 cum
626 3522 771 3598 Euripide
799 3523 980 3582 contraxerit
1006 3523 1242 3582 familiaritatem
1269 3529 1300 3584 et

130 3615 193 3670 tam
218 3611 334 3670 exculto
361 3612 402 3670 sit
426 3629 516 3670 sensu
540 3611 653 3687 pulcri,
677 3615 713 3669 ut
744 3611 795 3670 vel
819 3610 973 3671 levissima
996 3612 1114 3672 macula
1137 3612 1163 3670 si
1193 3614 1300 3689 solitus

130 3701 210 3759 illius
228 3701 310 3759 nitor
329 3700 506 3759 obscuratus
525 3701 574 3777 sit,
592 3700 805 3777 persentiscat3
825 3719 860 3760 ac
874 3719 912 3760 ne
930 3699 956 3759 is
972 3699 1094 3778 quidem
1112 3701 1217 3760 multis
1235 3722 1300 3778 per·

132 3787 275 3848 suadebit.
314 3787 487 3848 Sedunum
511 3792 557 3848 est
584 3807 643 3864 quo
666 3789 780 3848 tirones
805 3790 896 3848 etiam
919 3790 964 3847 uti
987 3789 1150 3865 possimus3
1179 3793 1298 3866 saepius

131 3879 207 3937 enim
224 3880 288 3937 tam
307 3876 470 3936 oscitanter
492 3878 631 3938 librarios
650 3897 682 3937 se
701 3878 845 3955 gessisse,
869 3881 903 3936 ut
920 3879 969 3936 vel
992 3879 1057 3938 soni
1076 3879 1177 3956 aliqua
1196 3880 1298 3937 simili-

130 3967 230 4025 tudine
244 3967 293 4026 vel
307 3966 441 4041 qualibet
459 3967 519 4025 alia
533 3985 625 4026 causa
638 3967 759 4041 pellecti
772 3986 826 4042 pro
842 3966 970 4042 singulis
984 3968 1137 4026 vocabulis
1152 3968 1299 4028 vocabula

130 4056 246 4115 notione
273 4055 363 4130 plane
386 4055 505 4114 diversa
527 4056 666 4131 praedita
689 4057 920 4130 substituerent,
949 4073 1016 4114 oum
1039 4056 1185 4116 stabulis
1206 4075 1298 4133 supra

129 4143 285 4220 propositis
304 4143 400 4219 quivis
418 4144 596 4219 intellegere
615 4146 720 4221 possit,
738 4145 799 4203 iam
818 4144 987 4203 desinemus
1006 4145 1038 4203 in
1053 4146 1194 4205 clausulis
1215 4150 1295 4206 certe

131 4233 312 4294 senariorum
331 4251 449 4308 semper
466 4232 586 4292 litteras
605 4233 709 4292 rimari
728 4236 765 4303 et,
777 4234 894 4309 apicum
909 4233 1121 4293 similitudines
1136 4236 1292 4310 aucupari,

129 4324 186 4381 iam
204 4321 373 4381 desinemus
391 4322 506 4381 nullam
524 4325 560 4381 ut
577 4322 684 4381 volunt
702 4322 824 4397 quidam
843 4326 956 4382 certam
970 4322 1140 4383 existimare
1160 4325 1297 4383 emenda·

130 4412 250 4487 tionem,
273 4410 332 4470 nisi
355 4429 430 4488 quae
456 4430 473 4470 e
491 4411 662 4478 litterarum
684 4411 782 4471 forma
804 4412 853 4471 vel
870 4412 1104 4472 maiuscularum
1120 4413 1176 4494 ,vel
1199 4406 1296 4472 minu-
