3050 5109
218 235 284 300 292
674 233 798 289 Evuldus
817 232 924 289 Bruhn:

218 401 327 466 τυπείς
345 408 463 466 mutare
476 405 508 463 in
522 398 630 478 δαμείς
648 434 685 444 -
702 404 833 463 mutavit
846 406 948 462 autem
961 402 1103 462 librarius
1118 403 1260 463 cod.Flor
1271 406 1321 477 31,
1340 406 1390 463 10.

221 494 277 566 Qui
296 496 370 555 talia
388 495 542 570 auderent,
561 497 597 552 ut
616 494 784 569 elegantiae
803 492 1019 568 satisfacerent,
1038 510 1089 552 eos
1106 512 1177 551 num
1196 496 1286 569 putas
1306 494 1391 552 dubi-

218 585 334 644 taturos
353 584 445 643 fuisse
465 582 604 659 Sophocli
621 582 697 641 illud
717 578 805 655 νέμει
823 580 1007 641 restituere?

307 672 461 733 Sedenim
481 672 597 731 altioris
616 670 765 748 indaginis
789 671 845 729 hae
865 671 1053 746 quaestiones
1073 672 1144 730 sunt
1166 689 1257 746 quarn
1281 671 1390 746 quibus

218 762 306 820 huius
321 761 640 821 commentatiunculae
653 760 750 836 spatio
762 760 835 818 satis
847 759 1030 835 respondere
1044 760 1206 835 possimus:
1222 778 1258 819 ea
1271 763 1391 819 tantum

217 851 303 909 nohis
327 851 513 928 propositum
538 853 584 909 est
608 849 781 923 aestimare,
809 848 917 924 quibus
936 848 1021 907 litem
1046 849 1130 907 illam
1155 849 1310 909 diremisse
1333 850 1396 930 sibi-

217 940 301 1000 visus
319 943 366 999 est
383 938 558 1015 Rudolphus
578 938 747 999 Schneider.
784 937 915 997 Protulit
938 937 990 996 ille
1014 928 1154 1018 (Jahrbh.
1178 938 1198 996 s.
1218 938 1295 997 Phil.
1317 941 1390 1012 115,

218 1019 298 1108 441)
312 1029 391 1089 locos
410 1029 534 1105 aliquot,
553 1027 605 1087 uhi
623 1028 654 1086 in
669 1026 802 1086 Medieeo
817 1025 942 1102 spondei
959 1025 1100 1085 inculcati
1115 1029 1217 1087 essent
1234 1028 1266 1085 in
1280 1027 1390 1087 senarii

218 1119 303 1178 sedes
322 1136 421 1195 pares,
438 1137 497 1177 non
515 1118 588 1176 item
606 1117 637 1175 in
657 1115 809 1176 codicibus
828 1115 1057 1193 recentioribua3
1076 1117 1162 1193 atqui
1185 1117 1283 1193 legem
1307 1136 1391 1175 sena-

217 1207 330 1265 riorum
348 1206 520 1282 priman‘am
542 1209 611 1265 unte
626 1205 797 1265 Bentleium
809 1207 921 1264 -notarn
935 1222 994 1263 uon
1008 1205 1114 1282 fuisse3
1133 1224 1191 1264 non
1210 1223 1299 1280 posse
1317 1225 1389 1283 ergo

217 1296 291 1355 haec
310 1285 498 1355 coniecturae
517 1295 626 1354 deberi.
665 1293 790 1353 Cautius
809 1294 846 1352 de
865 1294 969 1353 eadem
988 1313 1021 1352 re
1039 1292 1156 1353 locutus
1175 1298 1222 1353 est
1239 1294 1389 1353 Martinus

217 1383 308 1444 Sorof
327 1377 379 1466 (de
403 1384 519 1444 ratione
543 1402 620 1459 quae
643 1383 792 1443 intereos
812 1383 1033 1459 codicesreoc.,
1058 1382 1167 1459 quibus
1186 1383 1328 1460 Aeschyli
1347 1385 1392 1442 fa-

215 1475 306 1533 bulae
324 1473 534 1549 Prometheus,
554 1473 688 1549 Septem,
707 1473 818 1531 Persae
840 1471 1031 1532 continentur
1054 1476 1087 1531 et
1109 1472 1171 1532 eod.
1190 1472 1280 1532 Laur.
1299 1472 1390 1532 inter-

217 1563 306 1622 cedat
324 1562 395 1623 diss.
414 1562 513 1622 Berol.
534 1563 618 1622 1882
638 1582 667 1637 p.
690 1552 756 1642 14),
776 1561 828 1636 qui
847 1561 953 1621 Aesch.
972 1560 1069 1621 Prom.
1091 1564 1109 1619 2

430 1682 552 1761 (κύθην
570 1683 604 1746 ἐς
623 1680 717 1760 οἶμον
736 1679 857 1761 ἄβατόν
876 1678 908 1744 τ’
928 1680 972 1744 εἰς
991 1680 1127 1760 ἐρημίαν

216 1832 254 1890 ab
277 1830 518 1907 apographorum
545 1828 676 1888 librariis
703 1827 779 1887 illud
806 1825 840 1887 τέ
866 1827 1028 1887 fortasse
1054 1807 1124 1888 non
1147 1829 1254 1888 metri
1282 1848 1392 1889 causa

216 1921 344 1979 eiectum
363 1918 446 1992 dicit,
471 1916 523 1976 sed
541 1917 613 1992 quia
630 1918 743 1977 inserto
767 1913 802 1976 τέ
826 1916 976 1976 sententia
993 1917 1111 1976 turbari
1128 1920 1193 1981 visa
1212 1918 1260 1977 ait.
1298 1919 1393 1978 Miror

216 2009 288 2084 quid
307 2007 442 2068 dicturus
461 2006 554 2066 fuerit
572 2006 608 2065 de
627 2006 709 2083 Sept.
730 2008 804 2067 787.

590 2128 626 2192 ἐκ
645 2129 750 2207 χερῶν
771 2125 978 2191 αὐτοκτόνων
1034 2166 1037 2170 ,

591 2219 696 2295 χερῶν
715 2215 804 2297 rece]
825 2218 942 2294 χειρῶν
960 2219 984 2277 L

216 2314 248 2371 et
265 2311 364 2372 Proin.
386 2311 447 2370 118
589 2305 702 2370 πόνων
721 2306 808 2384 ἐμῶν
828 2303 950 2382 θεωρός

589 2395 675 2473 ἐμῶν
694 2395 782 2473 rece]
801 2394 893 2472 ἡμῶν
912 2397 950 2471 L,

216 2542 274 2602 nisi
292 2543 347 2600 hos
365 2559 470 2601 versus
490 2540 648 2600 omisisset.
686 2539 744 2599 Sed
763 2558 801 2597 ne
819 2538 929 2597 nimius
949 2539 1005 2597 sim
1024 2538 1056 2596 in
1074 2540 1253 2616 praefando,
1272 2540 1394 2601 videtur

217 2626 415 2691 Schneiderus
434 2629 597 2690 credidisse
616 2630 667 2706 qui
685 2628 908 2688 horridissimos
931 2646 1036 2688 versus
1062 2629 1252 2707 punxissent,
1278 2650 1329 2690 eos
1354 2650 1394 2690 ne

216 2721 339 2781 scivisse
358 2720 478 2797 quidem
497 2720 595 2779 facere
618 2718 767 2778 meliores.
804 2717 949 2776 Attamen
970 2717 1071 2793 ipsum
1093 2718 1169 2777 illud
1197 2719 1276 2794 quod
1301 2739 1393 2796 quae·

217 2810 310 2868 riuum
329 2810 524 2885 praeceptum
543 2808 669 2868 Ioannes
689 2807 810 2866 Tzetzes
829 2805 934 2865 eodem
952 2806 1103 2883 incompto
1122 2827 1264 2867 versuum
1282 2826 1393 2884 genere

217 2899 348 2975 inclusit,
379 2917 438 2974 quo
458 2898 535 2957 solet
553 2897 719 2974 defetigere
739 2915 828 2955 aures
846 2896 1013 2972 legentium
1038 2889 1188 2977 (Cramer,
1207 2897 1319 2958 Anecd.
1339 2896 1394 2956 Ox.

215 2987 268 3065 IV,
289 2989 352 3048 308
372 2988 408 3047 cf.
427 2987 621 3064 Henrichsen,
640 2987 724 3063 polit.
743 2985 830 3044 Vere.
850 2977 921 3065 33):

283 3109 334 3172 καὶ
351 3107 389 3171 τὸ
408 3107 518 3172 κοινὸν
537 3108 595 3186 μὲν
614 3107 741 3185 δέχεται
760 3106 873 3170 τοάςδε
892 3106 968 3169 τοὺς
986 3109 1073 3181 τρεῖς
1090 3107 1167 3169 τοὺς
1187 3105 1289 3170 πόδας

284 3199 457 3261 ςπονδεῖον
476 3198 527 3260 καὶ
545 3197 603 3260 τὸν
621 3194 738 3275 ἴαμβον
759 3195 836 3273 μετὰ
855 3198 913 3258 τοῦ
933 3194 1110 3273 πυρριχίου.

285 3287 341 3350 Καὶ
360 3285 459 3365 μόνος
479 3287 537 3363 μὲν
556 3284 574 3347 δ
592 3283 707 3364 ἴαμβος
726 3284 772 3348 εἰς
790 3283 893 3347 πάςας
912 3282 1020 3347 πίπτει
1039 3284 1160 3362 χώρας,

283 3375 414 3454 πρώτην
435 3375 589 3452 δευτέραν
607 3373 716 3452 τρίτην
731 3393 766 3437 τε
785 3371 940 3450 τετάρτην
959 3374 1106 3451 πέμπτην
1126 3373 1232 3453 ἕκτην,

283 3463 301 3527 ὁ
321 3465 357 3528 δὲ
376 3466 547 3527 ςπονδεῖος
567 3461 685 3526 εἰςτὰς
704 3467 804 3540 τρεῖς·
829 3461 873 3526 εἰς
893 3461 1024 3540 πρώτην
1044 3461 1152 3540 τρίτην
1171 3464 1333 3544 πέμπτην,

283 3552 381 3631 μόνος
400 3555 436 3615 δ’
454 3551 494 3614 αὖ
516 3550 534 3615 ὁ
555 3550 719 3630 πυρρίχιος
739 3552 784 3615 εἰς
805 3552 898 3629 ἕκτην
918 3550 1025 3615 πίπτει
1049 3549 1159 3631 μάνην.

216 3696 273 3760 Sed
291 3699 421 3759 fortasse
441 3698 562 3758 Tzetzes
581 3699 669 3758 testis
687 3698 768 3758 iusto
792 3698 944 3774 antiquior
963 3696 1144 3758 Schneidero
1170 3698 1302 3758 videtur:
1326 3720 1353 3758 v.
1369 3720 1394 3762 s.

215 3789 307 3850 schol.
330 3788 399 3848 Ara.
428 3787 499 3847 Eur.
529 3786 578 3847 Or.
600 3790 662 3847 261
694 3779 877 3867 (γοργῶπες
905 3783 1028 3861 ἐνέρων
1054 3782 1148 3861 ίερίαι
1177 3784 1278 3847 δειναὶ
1305 3783 1394 3867 θεαί)

214 3875 252 3938 τὸ
270 3873 380 3952 ἱέρειαι
398 3871 491 3950 ἱερίαι
511 3874 569 3951 χρὴ
589 3870 742 3956 γράφειν,
768 3870 814 3936 ἵν’
833 3871 890 3954 ἔχῃ
910 3873 991 3950 πρὸς
1015 3872 1054 3936 τδ
1074 3873 1191 3950 μέτρον
1210 3871 1328 3951 ὀρθῶς.
1352 3874 1396 3936 τὰ

214 3963 276 4042 γὰρ
295 3963 348 4026 διὰ
365 3966 424 4026 τοῦ
441 3963 495 4025 {re
509 3962 779 4040 προπαροξύτονα
797 3960 828 4024 οἱ
847 3962 976 4038 ποιηταὶ
995 3960 1202 4039 παροξύτονα
1221 3965 1394 4025 ποιοῦντες

215 4053 267 4116 διὰ
282 4055 340 4116 τοῦ
355 4052 388 4115 ια
400 4050 567 4129 γράφοντι,
582 4052 619 4115 τὸ
639 4050 793 4115 αὐθάδεια
808 4049 944 4115 αὐθαδία
963 4051 1114 4126 λέγοντες
1128 4050 1179 4113 καὶ
1193 4050 1231 4114 τὸ
1247 4050 1394 4129 εὐςέβεια

215 4141 340 4223 εὐςεβία
358 4139 409 4204 καὶ
427 4141 466 4204 τὰ
485 4144 625 4218 τοιαῦτα,
645 4141 664 4203 ὃ
684 4140 735 4216 καὶ
749 4136 907 4204 ἐξετάζων
927 4139 1075 4218 εὑρήςεις.
1104 4142 1246 4203 Ceterum
1260 4145 1392 4203 fortasse

214 4236 289 4301 haec
307 4237 387 4295 recte
407 4233 560 4293 Demetrio
580 4224 768 4314 Triclinio40)
792 4231 934 4310 adsignat
952 4232 1138 4311 Dindorfius;
1165 4233 1213 4292 cui
1239 4251 1311 4292 eum
1329 4233 1391 4291 He-

215 4354 427 4363 ——-—--——-

304 4423 349 4492 40)
369 4421 409 4478 Cf.
428 4420 522 4489 Lehrs,
541 4418 773 4477 Pindurscholien
792 4425 833 4477 79.
854 4425 897 4474 93.
