3050 5109
183 225 186 231 Α
205 232 271 296 282
669 229 794 285 Evaldus
813 229 921 284 Bruhn:

304 403 367 461 905
416 396 443 460 εἰ
462 395 599 474 μὲνγὰρ
618 399 756 458 κατιδεῖν
777 393 885 474 βιότου
904 395 996 458 τέλος
1015 394 1063 473 ἦν,
1083 392 1205 456 ὁπόςον
1223 411 1269 455 τις

524 483 639 563 ἤμελλ’
657 485 823 548 ἑκτελέςας
842 483 889 547 εἰν
908 481 1016 547 Ἀίδαο
1035 485 1152 561 περᾶν,

420 574 503 638 εἰκὸς
523 573 562 637 ἂν
581 574 630 653 ἦν,
650 574 685 637 ὃς
706 574 762 652 μὲν
782 572 882 636 πλείω
903 571 1022 651 χρόνον
1042 569 1133 634 αῑςαν
1152 569 1288 651 ἔμιμνεν,

525 663 687 742 φείδεςθαι
707 666 830 741 μᾶλλον
849 666 966 726 τοῦτον
985 661 1024 724 ὃν
1043 658 1109 738 εἷχε
1131 659 1212 739 βίον.

419 756 478 816 νῦν
497 749 529 815 δ’
549 752 607 817 οὐκ
626 751 724 816 έςτινε

207 899 277 973 post
291 917 318 959 ν.
336 900 398 959 908
419 901 616 978 supplendum
636 903 684 962 est
701 900 870 959 membrum
889 871 1059 975 oppositum
1073 917 1120 957 vv.
1137 898 1199 957 906
1215 898 1245 956 et
1260 888 1378 977 907.³¹)

651 1155 762 1224 eaput
784 1155 932 1210 sextum.

295 1310 507 1371 Conclamatus
524 1312 587 1371 fere
607 1312 689 1372 locus
709 1313 755 1370 est
775 1310 863 1385 Soph.
883 1309 933 1368 Tr.
954 1311 1075 1369 tides:

416 1450 455 1514 τὸ
473 1449 534 1529 γὰρ
553 1449 669 1516 νεάῑον
687 1450 723 1513 ἐν
742 1454 878 1512 τοιοῖςδε
899 1446 1041 1528 βόςκεται
1103 1443 1107 1448 ’

303 1546 365 1603 145
413 1539 529 1617 χώραις
550 1538 853 1604 ΙΝΑΥΤΟΥΚΑΙΝΙΝ
874 1537 913 1601 οὐ
933 1535 1054 1602 θάλπος
1073 1541 1149 1601 θεοῦ

418 1625 492 1692 οὐδ’
512 1627 630 1708 ὄμβρος
649 1626 724 1691 οὔτε
743 1625 936 1703 πνευμάτων
955 1625 1052 1690 οὐδὲν
1070 1628 1191 1708 κλονεῖ,

417 1714 492 1781 ἀλλ’
510 1717 643 1796 ἡδοναῖς
662 1714 806 1795 ἄμοχθαν
824 1715 940 1792 ἐξαίρει
960 1714 1028 1794 βίον

417 1808 450 1870 ἐς
469 1804 570 1884 τοῦθ’,
590 1807 651 1870 ἕως
669 1826 717 1870 τις
736 1804 807 1868 ἀντὶ
825 1806 987 1884 παρθένου
1006 1806 1087 1881 γυνὴ

417 1899 514 1979 κληθῇ
535 1894 615 1978 λάβῃ
634 1893 665 1959 τ’
685 1896 721 1959 ἑν
740 1895 828 1959 νυκτὶ
846 1894 1030 1973 φροντίδων
1050 1894 1145 1971 μέρος

304 1989 367 2047 150
412 1986 431 2064 ἤ
450 2005 510 2048 τοι
529 1984 624 2064 πρὸς
642 1982 784 2063 ἀνδρὸς
802 1986 821 2062 ἢ
840 1985 984 2047 τέκνων
1004 1983 1235 2061 φοβουμένη.

205 2148 395 2207 Dissentiunt
417 2150 500 2210 dev.
522 2150 583 2209 149
605 2145 779 2225 explicando
798 2146 969 2212 Dindorfius
993 2150 1024 2206 et
1042 2147 1209 2224 Nauckius3
1234 2147 1286 2205 ille
1309 2167 1377 2208 noc-

205 2238 267 2295 tem
299 2237 450 2314 intellegit
482 2238 662 2314 nuptialem,
699 2238 747 2297 hie
780 2234 816 2298 ἐν
849 2232 936 2297 νυκτὶ
968 2231 1154 2311 φροντίδων
1185 2236 1263 2295 idem
1297 2239 1375 2313 quod

204 2323 367 2401 νυκτέρων
391 2323 575 2403 φροντίδων
599 2346 664 2387 essa
687 2327 768 2387 dicit.
804 2323 962 2399 Attamen,
985 2326 1121 2402 quamvis
1145 2344 1234 2401 aegre
1257 2326 1288 2384 in
1312 2327 1376 2386 cius

207 2415 287 2473 modi
301 2417 392 2475 rebus
408 2418 552 2493 obloquar
562 2416 711 2476 Nauckio:
731 2417 836 2492 ecquid
851 2416 899 2475 vel
913 2435 972 2475 uno
988 2416 1123 2491 exemplo
1136 2415 1207 2473 talis
1218 2415 1378 2475 verborum

208 2507 361 2564 structura
379 2505 410 2565 in
429 2505 553 2566 senariis
572 2506 741 2565 confirmari
758 2504 879 2581 potest?
903 2505 1048 2581 Equidem
1068 2505 1139 2562 dum
1157 2505 1308 2580 prolatum
1328 2505 1377 2582 sit,

207 2592 311 2654 dubito
326 2595 530 2672 Dindorfiique
549 2595 776 2671 explicationem
795 2596 967 2670 amplector.
996 2592 1091 2663 Quam
1110 2593 1161 2669 qui
1179 2594 1377 2669 amplectitur,

206 2683 233 2742 ei
260 2683 426 2744 eiciendum
453 2686 593 2745 videlicet
620 2688 667 2743 est
694 2683 931 2744 additamentum
958 2682 1219 2759 languidisaimum
1247 2703 1274 2742 v.
1300 2685 1378 2760 150;

205 2773 399 2848 nequeenim
423 2776 525 2849 potest
548 2776 585 2833 de
608 2774 713 2833 liberis
735 2774 868 2832 nondum
891 2773 970 2831 natis
994 2772 1149 2831 sollicitari
1172 2792 1251 2832 nova
1272 2770 1377 2849 nupta.

204 2861 246 2920 Et
270 2862 357 2922 eiecit
375 2862 555 2924 Dindorfius.
594 2862 755 2933 Quaeritur
775 2862 921 2938 quomodo
939 2861 970 2919 in
988 2865 1104 2921 textum
1122 2862 1246 2921 venerit.
1284 2862 1377 2921 Cuius

204 2951 278 3009 mihi
297 2952 342 3009 rei
359 2952 501 3012 iudicium
520 2953 639 3012 videtur
655 2953 730 3010 illud
744 2949 826 3026 πρὸς
840 2946 958 3024 ἀνδρὸς
973 2948 1167 3026 φοβουμένη,
1187 2970 1263 3027 quae
1281 2955 1376 3011 struc-

206 3041 276 3098 tura
298 3044 381 3101 caret
404 3043 549 3118 exemplo.
585 3041 773 3118 Quamquam
795 3043 851 3100 hoc
874 3059 930 3116 ego
954 3059 1014 3098 non
1032 3059 1177 3114 curarem,
1205 3042 1292 3100 modo
1316 3061 1377 3116 qua

202 3128 321 3189 ‘ratione
343 3126 423 3204 πρός
447 3132 494 3190 hic
517 3133 697 3206 usurpatum
720 3133 813 3203 esset,
837 3130 1052 3205 intellegerem.
1089 3129 1183 3204 Atqui
1201 3148 1260 3187 non
1278 3131 1377 3206 magis

207 3237 296 3295 quam
315 3220 442 3280 timendi
461 3221 551 3280 verbo
570 3221 625 3279 hoc
644 3220 764 3295 quidem
784 3238 874 3278 sensu
892 3217 962 3277 addi
979 3222 1083 3294 posset
1104 3219 1284 3294 praepositio
1305 3213 1377 3295 ἠδ’,
1406 3259 1417 3278 .

151 3351 153 3355 ,
207 3309 235 3366 h.
254 3308 273 3366 l.
293 3327 312 3367 a
332 3309 499 3385 φοβεῖςθαι
517 3309 647 3385 pendere
665 3328 754 3385 posse
774 3303 854 3382 πρός
873 3307 1017 3368 existimo.
1056 3307 1154 3377 Quid?
1184 3307 1265 3367 sine
1285 3309 1376 3384 scrip-

205 3398 245 3456 sit
263 3397 381 3473 quidem
401 3399 457 3459 hoo
475 3398 501 3459 is
521 3399 568 3457 cui
588 3399 755 3460 versiculus
775 3398 908 3472 debetur,
929 3398 980 3456 sed
1000 3396 1120 3473 scripsit
1137 3393 1208 3472 ἤτοι
1226 3394 1299 3472 περὶ
1319 3391 1375 3457 ἀν-

203 3555 415 3562 ———-—-..

266 3659 337 3784 91361)
353 3657 462 3785 tqut,ra
480 3657 510 3712 in
529 3658 627 3712 eadem
642 3657 734 3728 elegia
748 3656 857 3711 hiatum
873 3656 970 3712 videor
983 3655 1054 3711 mihi
1068 3657 1288 3713 animadvertere
1302 3657 1377 3713 inter

202 3747 245 3784 vv.
337 3745 352 3783 e
441 3751 448 3784 ι

327 3858 378 3907 915
415 3856 490 3908 εἶδον
510 3856 631 3920 μὲνγὰρ
651 3855 747 3918 ἔγωγ’,
768 3855 799 3906 ὃς
817 3853 945 3920 ἐφείδετο
960 3857 1081 3908 κοῦποτε
1099 3857 1194 3922 γαςτρῖ

508 3932 582 3979 ςῖτον
602 3925 757 3991 ἐλευθέριον
776 3926 904 3978 πλούςιος
922 3928 963 3979 ὢν
982 3925 1083 3980 ἐδίδου.

416 3998 484 4051 ἀλλὰ
503 4000 567 4064 πρίν
586 3997 734 4063 ἑκτελέςαι,
754 3997 856 4063 κατέβη
876 3998 963 4061 δόμον
982 3998 1074 4051 Ἀιδας
1093 3998 1155 4051 είςω

507 4068 635 4136 χρήματα
655 4069 684 4120 δ’
703 4068 860 4134 ἀνθρώπων
879 4069 1038 4136 οὑπιτυχὼν
1057 4071 1161 4135 ἔλαβεν.

202 4194 338 4247 ἑκτελέςαι
357 4192 445 4260 enim,
468 4191 522 4246 nisi
535 4191 669 4246 additum
692 4193 758 4259 erit,
782 4192 850 4260 quid
873 4192 910 4246 ad
933 4193 1017 4248 finem
1040 4193 1090 4248 ille
1112 4194 1198 4250 homo
1221 4194 1375 4265 perducere

201 4263 335 4331 voluerit,
355 4280 465 4318 sensum
484 4264 593 4318 nullum
611 4263 768 4333 praebebit.
794 4263 925 4318 ¹Videtur
943 4265 1037 4334 potius
1055 4264 1128 4321 inter
1147 4283 1206 4334 eoa,
1226 4284 1297 4335 quos
1315 4266 1377 4321 dixi

201 4352 308 4405 versus,
326 4352 382 4391 uno
400 4334 521 4390 disticho
536 4334 673 4390 terminus
687 4334 777 4404 aliqui
791 4337 1023 4390 commemoratus
1038 4353 1105 4405 esse,
1124 4355 1207 4407 quem
1221 4339 1307 4394 homo
1324 4338 1375 4393 ille

201 4408 252 4463 ubi
270 4406 424 4480 attigisset,
444 4405 499 4461 frui
518 4406 626 4463 divitiis
644 4408 814 4477 comparatis
832 4407 1031 4463 constituisset.
