3050 5109
187 194 251 257 232
643 193 767 247 Evaldus
786 192 894 246 Bruhu:

274 369 277 372 ’
301 339 355 437 Ημ.
375 359 404 422 τί
422 357 496 423 τόδ’
514 359 614 442 αὐδᾷς
635 360 690 436 Ημ.
710 355 737 419 dr
755 359 815 435 χρή
835 377 896 435 ςφε
915 360 1026 435 μολεῖν
1046 355 1126 419 κατὰ
1143 356 1249 438 γαίας;

186 493 219 548 at
236 489 267 548 in
286 489 306 548 S
326 489 491 549 invenitur:

379 606 405 669 ῶ
425 610 484 686 χρή
504 628 564 687 ςφε
579 610 692 685 μολεῖν
711 608 791 671 κατὰ
809 607 901 683 γαίας
920 607 949 669 τί
968 606 1041 670 τόδ’
1060 606 1172 688 αὐδᾷς,

190 757 209 816 i.
220 775 245 814 e.
265 754 454 829 antistropha
473 773 547 814 sana
565 755 603 813 ad
623 756 779 830 stropham
798 758 969 830 corruptam
987 755 1201 814 transformata
1215 759 1269 813 est.
1301 755 1359 813 Ne-

192 864 249 920 que
269 848 371 903 autem
390 845 446 903 hoc
469 848 615 920 accurate,
633 863 702 903 cum
720 845 780 902 iam
798 844 999 919 respondeant
1017 843 1096 903 inter
1115 862 1146 902 se

189 1164 304 1224 Eodem
323 1166 410 1225 modo
430 1184 457 1225 v.
477 1168 540 1224 213

447 1286 484 1348 ἰῶ
504 1285 583 1364 Ζεῦ,
603 1285 649 1349 τίς
669 1285 708 1349 ἂν
727 1291 773 1368 πᾷ
792 1289 860 1349 πῶς
880 1285 981 1364 πόρος
1000 1290 1107 1350 κακῶν

188 1432 350 1508 respondet
368 1433 399 1491 in
419 1431 444 1491 Σ
464 1435 561 1492 solum
581 1435 758 1493 vocabulum
778 1434 896 1503 παπαῑ;
917 1438 949 1494 at
967 1435 998 1493 iu
1018 1433 1037 1490 S
1057 1435 1104 1493 est

566 1558 683 1617 παιπαῑ
702 1558 764 1632 φεῦ
785 1558 848 1632 φεῦ
868 1554 905 1617 ἰῶ
925 1554 977 1629 aa

192 1684 355 1742 credideris
374 1684 430 1742 hoo
448 1684 580 1742 voluisse
599 1682 840 1761 grammaticum:

467 1803 549 1884 <ἰῶ>
570 1807 628 1867 παῖ
646 1802 796 1882 <πα>παῑ
815 1806 878 1882 φεῦ
898 1807 962 1881 φεῦ
981 1803 1018 1865 ἰῶ
1039 1804 1090 1879 ἰῶ;

192 1950 243 2010 sed
263 1954 297 2009 ut
316 1954 403 2010 caute
422 1951 535 2010 talibus
554 1950 585 2009 in
604 1951 694 2009 rebus
722 1970 849 2026 agamus
873 1956 977 2010 monet
994 1971 1019 2010 e.
1037 1971 1065 2028 g.
1086 1951 1174 2026 Soph.
1186 1949 1246 2010 00.
1267 1955 1363 2027 1714,

191 2040 243 2099 ubi
271 2059 325 2115 pro
353 2093 371 2101 -
389 2095 406 2102 -
425 2095 442 2103 -
460 2075 479 2102 ο
496 2094 513 2102 -
531 2076 550 2103 o
567 2095 585 2102 -
603 2075 621 2102 ο
639 2095 656 2102 -
674 2076 692 2102 ο
710 2094 728 2103 -
754 2040 882 2099 inseruit
914 2040 1049 2117 quisquis
1078 2041 1205 2100 inseruit
1232 2060 1363 2115 pannum

191 2130 288 2188 bunce
307 2148 343 2187 ex
362 2130 607 2189 antecedentibus
626 2129 745 2188 furatus

412 2356 450 2420 ἰῶ
470 2359 510 2436 μὴ
530 2360 589 2433 γᾶς
608 2358 661 2421 ἐπὶ
679 2359 772 2423 ξένας
792 2353 903 2421 θανεῖν
922 2356 1052 2435 ἔχρηῑες
1071 2355 1147 2420 ἀλλ’

194 2499 348 2585 (fraudem
367 2504 479 2563 deterit
499 2503 666 2564 Guilelmus
685 2497 836 2582 Dindorf).
875 2505 974 2581 Aegre
997 2504 1145 2563 credimus
1166 2507 1229 2563 tam
1246 2505 1363 2580 ineptos

197 2595 289 2653 fuisse
310 2595 453 2667 homines,
472 2595 583 2653 uttam
598 2595 705 2653 leviter
719 2594 887 2653 obliteratis
902 2594 1052 2652 ulceribus
1065 2594 1172 2652 fallere
1187 2596 1365 2653 conarentur

194 2685 291 2743 obiter
308 2683 514 2759 inspicientes;
539 2684 592 2741 sed
611 2683 794 2743 lucidentius
814 2684 905 2742 etiam
928 2684 1007 2742 idem
1027 2683 1160 2742 studium
1184 2684 1316 2743 cernitur
1332 2683 1364 2742 in

194 2772 283 2848 Soph.
301 2773 338 2831 fr.
354 2775 428 2849 379,
447 2773 498 2833 ubi
516 2772 546 2830 in
566 2771 712 2833 Vaticano
730 2772 858 2849 legitur:

475 2910 580 2974 ὕπνου
599 2911 705 2990 φύλαξ
723 2931 742 2971 s
759 2931 778 2971 e
796 2932 814 2971 ν
833 2932 874 2975 οα
893 2913 1095 2990 ςημαντήρια,

195 3058 392 3118 Laurentiani
410 3057 551 3117 librarius
570 3058 644 3117 haec
663 3058 784 3133 scripsit
798 3077 888 3118 sensu
903 3078 988 3118 cassa
1006 3058 1059 3118 sed
1072 3059 1182 3134 quibus
1196 3061 1367 3136 expleretur

195 3147 317 3207 lacuna:

488 3231 592 3295 ὕπνου
612 3231 717 3310 φύλαξ
737 3231 851 3323 ςπιθὸα
870 3234 1071 3312 ςημαντήρια,

198 3379 302 3438 eodem
320 3380 408 3439 modo
427 3382 462 3437 ut
485 3379 588 3456 paullo
607 3382 697 3438 antea
715 3380 871 3439 invenerat
890 3380 1046 3456 seriptum:

433 3505 558 3576 cruep*
577 3498 719 3577 ἀριθμῶν
738 3500 789 3564 καὶ
808 3501 933 3577 μέτρων
952 3499 1125 3579 εὑρήματα,

196 3630 261 3704 ipse
281 3628 403 3687 exhibet

402 3748 519 3828 ςτάθμη
539 3749 572 3813 b'
590 3748 732 3828 ἀριθμῶν
752 3750 803 3813 καὶ
822 3749 946 3827 μέτρων
966 3746 1168 3834 εὑρήματα4)

289 3894 348 3954 Sed
366 3914 403 3954 ne
422 3897 514 3956 latius
534 3917 657 3973 evager:
676 3896 723 3955 his
741 3901 899 3971 praeterea
917 3896 989 3955 locis
1009 3916 1148 3957 numeros
1164 3896 1189 3956 Σ
1208 3899 1331 3958 vitiatos
1350 3897 1370 3955 S

197 3984 316 4044 refiotos
335 3987 471 4059 praebet:

290 4249 317 4314 4)
336 4245 396 4299 Hoo
424 4245 582 4313 exemplum
610 4246 674 4301 ideo
701 4245 849 4316 proposui,
877 4246 956 4315 quia,
985 4263 1047 4299 cum
1073 4246 1164 4300 omnis
1189 4245 1370 4315 interpolatio

201 4317 336 4386 explicari
356 4317 486 4385 oporteat
505 4333 554 4370 cnr
567 4316 644 4371 facta
658 4318 695 4372 sit
712 4316 905 4385 ecquomodo,
924 4318 993 4373 scire
1007 4316 1157 4385 plurimum
1172 4316 1265 4385 refert,
1285 4335 1370 4386 quan-

201 4391 261 4442 tum
281 4403 298 4441 a
316 4404 385 4442 nana
403 4392 496 4442 mente
514 4385 656 4442 interdum
674 4388 844 4444 desciverint
860 4388 1072 4456 interpolantes.
