3050 5109
379 241 617 299 lucubrationum
636 243 849 313 Euripidearnm
870 243 964 314 capita
983 243 1094 300 selecta.
1256 243 1320 309 277

146 414 181 471 in
204 414 261 472 hae
284 413 387 472 fabula
404 413 434 472 id
454 413 582 489 faciunt,
601 414 679 489 quod
698 413 770 473 dicit
788 414 897 472 Pollux
915 413 959 472 IV
980 418 1041 474 127
1062 408 1258 475 εἰεελθόντε(
1278 411 1322 475 εἰ(

145 500 207 578 τὴν
226 497 405 577 ὀμχήετμαν
425 498 477 562 ἐπὶ
496 501 555 578 τὴν
574 500 689 578 εκηνὴν
709 499 761 562 διὰ
780 497 940 577 κλιμάκων
959 498 1204 579 ἀναβαίνουεινὶ)

240 591 334 661 Quem
361 594 460 652 locum
492 591 657 652 rectissime
689 592 764 650 mihi
792 593 911 653 videtur
939 592 1133 668 explicavisse
1164 593 1321 654 Kolsterus

144 673 253 763 (Soph.
274 680 379 741 Studd.
400 674 448 761 8);
473 682 554 740 idem
578 683 608 741 et
627 681 768 757 probavit
786 702 834 740 me
852 682 972 758 quidem
990 682 1086 742 iudice
1104 683 1136 740 in
1154 681 1322 743 Philocteta

144 770 313 847 Sophoclea
341 791 376 830 ex
405 771 560 831 orchestra
588 771 757 830 ascendisse
781 771 941 830 histriones
965 774 996 829 et
1018 771 1083 830 iure
1107 772 1251 833 adsensus
1276 776 1322 832 est

144 860 311 937 Geppcrtio
341 860 421 919 idem
448 861 561 920 factum
590 879 655 920 esse
683 861 716 918 in
739 860 811 928 Ione
834 860 1006 936 Euripiden.
1048 860 1131 930 Quae
1158 864 1260 921 autem
1284 863 1321 920 de

143 951 271 1009 Electra
289 948 455 1025 Sophoclea
474 950 613 1025 protulit,
633 969 669 1009 ea
687 950 735 1008 hic
753 949 844 1010 liceat
863 949 959 1009 denuo
978 950 1135 1025 explicare.
1172 950 1321 1010 Videntur

143 1040 227 1099 enim
246 1040 277 1097 et
295 1039 396 1115 paullo
412 1039 592 1099 luculentius
608 1040 770 1115 aptiusque
785 1040 823 1097 ad
837 1039 1076 1114 persuadendum
1091 1040 1219 1116 proferri
1232 1059 1321 1116 posse

143 1132 179 1188 et
196 1129 285 1204 paulo
304 1128 393 1188 aliter
410 1128 589 1204 proferenda
608 1147 681 1189 esse.
720 1127 909 1204 Conspicitur
926 1128 958 1186 in
977 1129 1032 1188 hac
1050 1128 1154 1188 fabula
1178 1129 1209 1187 in
1233 1148 1321 1190 scena

141 1218 233 1294 regia
255 1218 474 1294 Pelopidarum:
512 1218 572 1278 Fac
596 1218 699 1278 statim
721 1218 752 1277 in
777 1236 896 1277 scenam
919 1219 1038 1293 prodire
1059 1220 1268 1296 paedagogum
1291 1222 1321 1278 et

141 1308 361 1367 adulescentes.
396 1308 511 1383 Nempe
525 1311 609 1367 stant
623 1311 692 1366 ante
706 1307 787 1383 ipsas
802 1308 890 1368 aedes
905 1308 923 1366 i.
939 1326 963 1367 e.
978 1308 1120 1384 Mycenis.
1149 1308 1207 1378 Qui
1220 1310 1321 1384 potest

141 1398 241 1475 igitur
260 1394 397 1457 Orestem
415 1397 520 1456 iubere
538 1397 746 1473 paedagogus:

733 1533 770 1599 oi
789 1531 820 1596 δ’
839 1532 1033 1614 ἱκάνομεν,

361 1622 493 1703 φάεκειν
512 1623 663 1705 Μυκήνα(
682 1623 738 1687 τά(
757 1623 979 1703 πολυχρύεοαε
998 1624 1087 1705 ὁρᾶν,

143 1792 233 1868 quasi
257 1791 397 1868 Mycenas
425 1790 557 1849 nondum
586 1787 784 1849 advenerint?
816 1790 859 1848 At
885 1783 984 1849 ἱκάνω
1013 1809 1102 1865 saepe
1129 1789 1210 1849 idem
1237 1791 1320 1851 valet

143 1882 227 1957 quod
247 1874 391 1955 ἀφῖγμαι.
424 1879 537 1955 Αιιάὶο;
557 1880 609 1938 sed
628 1882 729 1939 tamen
748 1881 887 1939 accurate
906 1879 1142 1938 deliberantibus
1162 1880 1320 1955 adparebit

142 1970 204 2029 nisi
226 1970 316 2029 fallor
339 1970 369 2028 in
392 1969 472 2028 huno
494 1970 592 2027 locum
614 1969 670 2028 hoc
693 1987 753 2028 non
777 1969 932 2045 quadrare.
975 1968 1097 2027 Etenim
1123 1988 1177 2028 nos
1201 1988 1319 2045 quoquc

144 2060 285 2119 dicimus:
308 2058 362 2118 Ich
380 2058 499 2119 homme
518 2058 597 2117 mich
616 2057 663 2117 dir
682 2059 781 2118 selber
800 2078 866 2116 zum
881 2057 1038 2118 Geschenh
1057 2079 1093 2117 zu
1111 2059 1222 2134 geben,
1242 2058 1320 2118 sicut

143 2148 221 2207 dixit
240 2147 400 2225 Sophocles
420 2146 477 2207 00.
499 2148 563 2208 576

359 2286 472 2350 οώεων
490 2285 589 2349 ἱκάνω
608 2285 729 2365 τούμὸν
749 2283 862 2350 ἄθλιον
881 2286 977 2365 δέμαε

285 2397 290 2404 ·
359 2376 407 2439 col
426 2379 542 2456 δῶρον,

148 2560 206 2599 non
224 2539 363 2599 dicimus:
396 2539 470 2600 Hier
488 2541 531 2600 ist
549 2540 601 2600 der
621 2541 745 2617 Tempel
763 2541 923 2617 Apollons‚
947 2541 1016 2599 dort
1039 2541 1091 2598 der
1111 2538 1318 2617 Heratempe13

146 2629 199 2687 der
223 2626 291 2702 Ort,
315 2648 354 2687 an
378 2630 435 2688 den
458 2630 513 2688 wir
537 2630 691 2707 hominen,
714 2630 756 2689 ist
773 2630 928 2707 Mykenai,
952 2630 983 2689 si
1005 2629 1164 2705 Mycenis
1188 2648 1317 2689 sumus.

146 2717 289 2777 Centoras
308 2721 409 2780 autem
429 2719 537 2793 quibus
555 2723 677 2793 praeter
690 2719 769 2778 hunc
783 2720 856 2779 locis
871 2719 950 2796 apud
964 2717 1148 2794 Aeschylum
1162 2721 1193 2776 et
1207 2717 1319 2794 Sopho-

143 2808 220 2865 clem
235 2798 399 2886 (abstinuit
414 2807 492 2866 enim
507 2809 653 2867 vocabulo
667 2802 842 2885 Euripides)
857 2809 969 2884 legitur
982 2801 1082 2866 ἱκάνω
1098 2798 1220 2887 (hesch.
1234 2808 1316 2866 Pers.

145 2899 218 2956 159.
249 2898 305 2973 Ag.
322 2899 416 2958 1291.
440 2896 530 2971 Soph.
546 2896 617 2955 Ant.
633 2899 707 2956 224.
729 2897 776 2957 El.
793 2891 908 2977 1102);
926 2915 1073 2972 nusquam
1087 2895 1202 2955 videbis
1217 2915 1318 2972 prae·

143 2986 288 3045 seutiae
306 2985 489 3045 notionem
509 2986 700 3045 absentiae
720 2986 932 3063 oppositam.
969 2985 1015 3042 Ex
1033 3005 1092 3060 quo
1115 2985 1254 3044 effectum
1272 2989 1319 3045 est

142 3094 202 3133 non
223 3093 310 3151 posse
329 3076 361 3134 in
374 3075 527 3134 Electrae
545 3076 726 3150 parasceniis
744 3076 776 3134 in
796 3094 914 3135 scenam
934 3074 1037 3149 egredi
1055 3073 1225 3134 histriones.
1252 3074 1317 3133 Iam

142 3183 214 3223 vero
234 3164 375 3223 facillime
395 3164 495 3223 omnia
514 3164 661 3240 explicata
680 3168 784 3241 erunt,
808 3165 895 3225 modo
918 3166 949 3222 in
972 3163 1156 3223 orchestram
1180 3183 1230 3223 eos
1248 3184 1316 3240 pro-

142 3254 208 3313 dire
227 3272 341 3313 sumas:
360 3253 413 3313 ubi
432 3253 639 3330 constiterunt,
657 3255 695 3313 ad
716 3253 853 3314 Orestem
875 3271 1034 3315 conversus
1052 3254 1257 3331 paedagogus:

358 3388 384 3452 ὦ
404 3394 462 3454 τοῦ
481 3392 753 3470 ετρατήγηεαντοε
773 3391 809 3455 ἐν
828 3390 926 3473 Τροίᾳ
945 3391 1024 3455 ποτὲ

356 3476 593 3559 Ἀγαμέμνονοε
612 3485 683 3559 παῖ,
703 3485 761 3545 νῦν
781 3478 881 3545 ἐκεῖν’
901 3479 999 3546 tacu
1018 3501 1066 3544 εοι

357 3568 493 3647 παρόντι
513 3568 661 3649 λεύεεειν,
681 3566 727 3634 ὧν
747 3566 911 3648 πρόθυμος
929 3565 1077 3660 ῆεθῇάεί.

142 3752 221 3812 Dein
246 3770 336 3809 manu
364 3770 418 3827 per
444 3754 543 3812 totum
570 3752 725 3813 theatrum
753 3744 848 3830 (quod
874 3752 995 3839 proprie
1022 3752 1211 3812 intellectum
1233 3748 1316 3835 volo)

141 3842 334 3902 circumacta:

356 3961 475 4039 τὸγὰρ
494 3963 635 4025 παλαιὸν
653 3960 771 4041 Ἄργος
790 3960 829 4026 οὑ
848 3958 968 4027 ’πόθειε
986 3962 1074 4040 τόδε,

358 4055 414 4129 τῆ(
433 4050 664 4130 οἰετροπλῆγο(
684 4048 779 4115 ditor
797 4047 920 4129 Ἰνάχου
940 4051 1043 4131 κόρηε.

142 4300 274 4364 ἀνάβαινε
294 4298 386 4364 εωτὴρ
404 4302 439 4365 τῇ
458 4297 544 4351 πόλει.
579 4295 795 4352 Demosthenem
814 4296 887 4352 enim
905 4298 1001 4353 iubere
1020 4300 1144 4368 potuisse
1152 4298 1315 4353 «isiciarium

142 4369 172 4423 in
199 4370 297 4423 eadem
320 4367 440 4437 planitie
464 4369 586 4424 stantem
609 4370 752 4439 ἀνάβαινε,
782 4387 845 4425 cum
872 4368 945 4424 nihil
972 4370 1057 4425 fuerit
1084 4371 1232 4426 dicendum
1260 4372 1315 4426 nisi

142 4442 262 4509 πρόειθι,
281 4439 310 4494 id
330 4450 382 4510 ego
401 4457 544 4509 nunquam
564 4440 724 4497 concedam.
