3050 5109
383 224 621 283 Lucubrationum
640 228 856 298 Euripideamm
874 228 969 300 capita
988 230 1099 285 selecta.
1262 229 1327 294 299

157 392 268 457 ἔπειτα
286 393 526 473 καταλέγοοιιν,
546 390 624 472 ὅιην
643 391 753 472 χώραν
772 392 928 472 ἐπῆλθον·

413 506 451 584 τῇ
471 500 529 579 μὲν
548 500 680 578 δίδυμον
700 500 817 579 χθονὸ(
837 499 989 580 Εὐρώπη(

416 590 516 667 μέγαν
535 585 589 667 ἠδ’
608 585 710 668 Ἀείηι
728 590 868 668 τέρμονα
887 591 994 656 Φᾶιιν.

156 736 258 795 Habes
277 734 461 812 Aeschylum
485 736 515 794 in
540 737 644 796 eadem
668 735 791 811 trilogie
816 740 847 797 et
865 736 960 796 Tanai
980 739 1010 797 et
1028 738 1156 798 Phaside
1175 739 1327 815 Europam

156 829 188 885 et
197 825 302 885 Asiam
316 824 583 885 disterminantem.
602 824 637 885 Id
651 843 710 901 quo
724 828 812 901 pacto
826 825 892 885 fieri
906 826 1015 902 possit,
1032 846 1088 903 ego
1102 846 1162 902 non
1176 828 1327 905 intellego.

245 914 336 974 Visus
351 916 399 974 est
417 914 475 974 sibi
493 914 669 991 intellegere
683 914 855 975 Bernardus
873 915 947 975 Poss
967 907 1115 997 (deloco,
1133 916 1166 976 in
1184 937 1241 993 quo
1256 917 1327 978 Pro·

156 1004 293 1063 metheus
325 1003 404 1080 apud
426 1003 611 1079 Aeschylum
635 1004 753 1064 vinctus
777 1004 818 1063 sit
841 1006 882 1064 38
899 997 951 1086 s.);
976 1022 1146 1082 quanquam
1168 1007 1194 1066 is
1217 1006 1254 1065 de
1280 1027 1327 1067 vv.

156 1095 220 1152 414
236 1111 275 1152 ss.
294 1111 355 1153 non
371 1093 468 1169 magis
488 1111 577 1168 quam
596 1092 704 1169 reliqui
722 1093 903 1169 interpretes
922 1093 1074 1172 cogitavit.
1110 1094 1226 1154 Tanain
1249 1095 1328 1155 enim

155 1185 187 1242 et
205 1181 318 1240 Phasin
336 1202 390 1259 pro
410 1183 514 1242 eodem
532 1181 654 1242 flumine
672 1181 794 1241 habitos
813 1201 880 1242 esse
898 1182 937 1241 ab
957 1182 1114 1259 Aeschylo.
1152 1177 1241 1242 ‘Nam
1260 1204 1328 1243 cum

154 1273 265 1331 nautae
288 1271 416 1330 Athenis
439 1266 615 1331 rettulerint
633 1264 679 1350 (P)
706 1290 738 1330 se
762 1291 798 1330 ex
820 1274 911 1347 ponto
935 1272 1052 1331 Euxino
1080 1291 1136 1348 per
1163 1275 1327 1348 angustum

23 1392 32 1410 ·
156 1361 268 1419 fretum
287 1359 318 1418 in
332 1360 464 1420 Maeotin
483 1359 615 1434 venisse,
639 1360 722 1419 cuius
741 1361 773 1419 in
792 1363 955 1420 extremam
972 1364 1090 1437 partem
1113 1380 1256 1437 magnum
1275 1363 1327 1420 flu-

156 1467 271 1508 mense
286 1449 460 1521 effunderet,
479 1448 617 1508 ultimam
632 1468 703 1508 vero
718 1449 942 1524 navigationem
961 1467 1056 1525 usque
1072 1450 1109 1508 ad
1126 1450 1237 1510 Phasin
1252 1470 1328 1525 esse,

156 1538 223 1613 quis
243 1541 290 1597 est
308 1538 388 1614 quin,
414 1537 439 1596 si
457 1537 531 1597 haec
549 1538 698 1598 audiverit
716 1557 814 1614 neque
832 1538 968 1597 tabulam
981 1539 1212 1616 geographicam
1230 1539 1328 1616 inspe-

154 1626 240 1702 xerit,
258 1626 353 1686 talem
371 1626 541 1703 opinionem
561 1627 619 1687 sibi
638 1626 768 1704 finxerit,
788 1628 909 1703 qualem
926 1627 1096 1704 Aeschylus
1114 1622 1242 1688 habuit?
1272 1628 1328 1688 cui

156 1714 318 1791 suspicioni
346 1715 531 1775 subscribere
565 1719 622 1793 ego
654 1736 714 1776 non
745 1735 880 1792 possum:
912 1735 1008 1792 neque
1042 1715 1121 1776 enim
1147 1721 1256 1778 nautas
1283 1719 1328 1777 ita

153 1822 294 1864 narrasse
313 1805 400 1865 credo
423 1836 460 1846 —-
481 1825 520 1864 an
540 1806 670 1865 solemus
687 1806 720 1864 in
737 1806 887 1864 narrando
905 1824 954 1865 res
974 1805 1093 1865 omnino
1118 1805 1263 1866 discretas
1283 1807 1328 1866 ita

155 1895 343 1972 coniungere,
363 1895 399 1953 ut
417 1894 570 1955 coniunxit
587 1893 731 1954 Possius?
753 1925 790 1936 -
812 1913 909 1970 neque
927 1895 954 1954 si
971 1898 1158 1971 narrassent,
1176 1896 1327 1955 hominem

154 1982 334 2059 prudentem
361 1983 392 2042 id
421 1982 490 2042 inde
518 1984 727 2043 conclusurum
749 1982 857 2058 fuisse,
885 1984 965 2060 quod
992 2002 1079 2060 posse
1107 1984 1243 2044 concludi
1275 1985 1327 2046 ille

155 2072 316 2133 existimat.
409 2101 412 2106 ⁴

242 2160 445 2221 Reminiscere
471 2161 571 2237 potius
599 2160 812 2222 Roehleclrinm
839 2154 935 2242 (Sept.
963 2162 1030 2222 adv.
1054 2161 1147 2221 Theb.
1174 2165 1205 2222 et
1227 2162 1327 2224 Prom.

154 2252 244 2311 vinct.
264 2250 385 2310 fabulas
408 2268 475 2310 esse
505 2253 575 2326 post
591 2251 699 2310 Aesch.
722 2253 870 2311 correctas
899 2250 971 2312 diss.
989 2250 1086 2311 Berol.
1109 2252 1192 2311 1882
1220 2271 1249 2327 p.
1271 2255 1309 2311 71

154 2339 336 2415 Westphalii
353 2338 490 2417 vestigiis
508 2339 697 2400 insistentem
714 2342 838 2417 propter
851 2339 984 2400 rationes
1001 2358 1125 2416 prorsus
1144 2332 1311 2400 diversas4⁸

155 2430 255 2488 omnis
277 2428 367 2489 huius
386 2429 506 2488 fabulae
530 2429 645 2489 cantica
667 2423 800 2505 ‘praeter
821 2429 968 2505 paredum
990 2432 1022 2488 et
1044 2428 1172 2489 exodum
1196 2432 1228 2489 et
1250 2430 1328 2489 illud

155 2518 237 2578 chori
261 2517 408 2578 canticum
436 2518 515 2594 quod
539 2520 586 2578 est
617 2518 649 2577 in
672 2517 753 2579 Ionis
783 2511 926 2594 episodio'
952 2517 1103 2594 Aeschylo
1131 2518 1326 2580 abiudicasse.

155 2606 251 2677 Quam
265 2606 445 2667 sententiam
459 2607 515 2667 hac
534 2607 743 2668 observatione
757 2607 893 2667 nonnihil
907 2606 1057 2667 firmatam
1072 2625 1137 2667 ease
1152 2626 1239 2684 spero
1253 2607 1327 2666 mihi

156 2714 328 2756 concessum
345 2694 392 2757 iri.

244 2783 396 2844 Conticuit
411 2782 620 2845 Oceanitidum
633 2789 752 2861 cantus3
767 2785 880 2845 resedit
893 2784 1066 2844 Promethei
1079 2785 1248 2861 iracundia3
1267 2786 1327 2844 iam

154 2876 271 2933 maesta
293 2872 420 2949 quadarn
449 2874 670 2950 tranquillitate
693 2874 834 2950 perfusus
860 2875 923 2934 eius
950 2877 997 2934 est
1023 2874 1156 2948 animum
1184 2875 1247 2933 iarn
1268 2894 1328 2933 non

154 2964 270 3023 caelum
289 2966 321 3022 et
338 2965 451 3022 terram
470 2981 552 3022 mare
572 2966 603 3023 et
621 2966 726 3024 ventos
744 2963 872 3023 iniuriae
890 2966 985 3024 testes
1005 2962 1144 3037 advocat,
1165 2963 1218 3022 sed
1237 2982 1327 3040 quarn

156 3052 212 3112 sibi
230 3052 382 3112 immerito
400 3051 462 3112 ista
480 3051 650 3128 acciderint,
669 3052 906 3128 placidesecum
925 3054 1055 3129 reputat.

313 3178 379 3238 438
413 3174 505 3253 μήτοι
524 3175 617 3256 χλιδῇ
636 3176 760 3238 δοκεῖτε
781 3171 857 3251 μηδ’
876 3171 1011 3255 αὐθαδίᾳ

412 3265 502 3338 αγᾶν
521 3282 572 3340 με,
593 3261 722 3345 (υννοίᾳ
741 3262 777 3325 δὲ
797 3260 956 3340 δάπτομαι
974 3262 1051 3340 κέαρ

412 3350 500 3430 δρῶν
518 3350 658 3431 ἐμαυτὸν
678 3348 741 3415 ὧδε
762 3351 1050 3430 προνιελοιίμενον.

154 3498 243 3573 Audi,
261 3497 332 3575 quid
352 3501 508 3575 sequatur:

412 3617 513 3683 καίτοι
532 3622 630 3685 θεοῑιι
648 3623 716 3683 roi(
736 3618 822 3682 νέοι(
841 3617 967 3682 τούτοις
985 3618 1065 3696 γέρα

360 3771 363 3776 4
412 3706 458 3772 τί(
477 3705 575 3772 ἄλλοι
594 3710 613 3787 ἢ
633 3705 691 3785 ’γὼ
711 3709 878 3772 παντελῶς
897 3706 1087 3787 διώριιεν;

154 3856 173 3914 i.
193 3874 217 3914 e.
236 3854 322 3931 atqui
340 3854 397 3914 diis
415 3854 482 3914 istis
500 3854 623 3915 novitiis
642 3856 770 3915 honores
794 3854 860 3930 quis
886 3854 962 3914 alius
985 3857 1077 3929 atque
1095 3872 1152 3930 ego
1175 3854 1215 3913 ad
1236 3873 1327 3913 unum

156 3962 257 4004 omnes
277 3943 483 4004 distribuendo
501 3942 658 4005 definivit?
687 3942 849 4004 Garrulum
867 3942 1002 4019 profecto
1018 3942 1124 4003 audire
1137 3943 1211 4002 mihi
1224 3943 1328 4004 videor

155 4033 332 4108 vanilocum‚
351 4051 411 4093 non
425 4033 557 4093 universi
576 4034 695 4110 generis
710 4032 834 4093 humani
851 4035 1100 4107 conservatorem,
1118 4035 1154 4091 ut
1168 4033 1220 4108 qui
1236 4051 1327 4109 quam

156 4123 256 4198 paullo
276 4123 366 4182 antea
384 4121 505 4183 disertis
523 4122 624 4183 verbis
643 4123 708 4183 Iovi
727 4121 907 4183 concesserit
924 4121 1067 4198 gloriam,

243 4346 291 4414 48)
311 4344 401 4412 Quam
419 4345 477 4401 ille¹
489 4344 738 4402 contradictionem
753 4311 859 4401 ‘emme
876 4344 950 4400 inter
966 4362 994 4400 v.
1004 4350 1058 4401 420
1071 4346 1101 4400 et
1113 4364 1140 4401 v.
1151 4347 1203 4402 ‘106
1223 4344 1329 4400 (rdeuc

159 4416 242 4489 ἀφίξῃ
261 4417 393 4488 νομάδας,
412 4434 447 4473 ea
466 4417 490 4472 si
507 4433 574 4474 vera
593 4420 644 4487 est,
662 4436 688 4473 v.
708 4422 760 4473 706
779 4433 836 4473 non
854 4415 946 4473 minus
965 4417 1162 4474 contradicunt
1179 4434 1205 4472 v.
1223 4423 1246 4470 1.
1261 4421 1286 4471 ν.
