3050 5109
238 205 304 276 320
694 203 820 261 Evaldus
838 204 947 259 Bruhn:
984 245 987 250 ,

237 374 435 450 praecessisse
456 391 570 448 sumas,
589 373 731 450 explicari
749 394 810 434 non
827 374 953 451 possint.
989 374 1125 433 Primum
1149 373 1226 432 enim
1251 372 1411 449 utriusque

237 464 412 541 tragoediae
430 463 509 523 inter
526 465 666 540 prologos
684 464 820 523 nonnihil
839 464 967 523 existere
987 462 1200 523 similitudinis.
1241 460 1412 540 Utrobique

237 553 368 628 primum
389 553 509 630 prodire
528 551 679 630 Orestem,
701 553 750 612 hie
774 573 842 612 curn
859 552 974 628 Pylade
999 555 1030 614 61
1048 552 1238 629 paedagogo,
1264 551 1327 611 11116
1345 571 1413 610 cum

237 642 351 718 Pylade
370 643 442 702 solo.
481 642 574 718 Atqui
592 643 671 718 apud
691 642 868 719 Sophoclem
887 641 999 701 iustam
1023 661 1078 702 cur
1095 641 1197 701 adsint
1222 659 1344 700 6666616
1363 641 1413 699 de-

238 731 372 806 siderari,
392 749 456 791 esse
479 732 558 806 apud
577 732 759 807 Euripidem.
793 731 856 790 Nec
874 750 997 806 possum
1016 750 1127 807 negare
1145 731 1202 790 hoc
1220 748 1317 806 neque
1335 732 1413 791 volo.

239 819 298 878 Sed
323 820 349 879 si
367 819 557 896 Ohoephoros
585 822 679 879 solam
704 820 897 897 sequebatur,
925 838 1022 879 nonne
1045 821 1083 879 ad
1106 820 1186 879 idem
1209 819 1415 879 deducebatur

239 907 424 985 Sophocles?
461 910 503 968 At
521 911 552 966 in
570 911 695 985 prologo
715 906 910 984 Ohoephoron
929 928 989 969 non
1012 908 1159 969 deliberat
1182 906 1319 984 Orestes,
1342 909 1414 985 quid

238 998 408 1057 faciendum
427 998 476 1056 sit.
503 997 614 1075 Audi03
634 999 686 1058 sed
706 998 729 1056 61
744 999 789 1057 116
804 996 965 1074 Sophocles
977 997 1161 1073 Aeschylum
1182 999 1264 1074 sequi
1283 998 1414 1075 volebat,

241 1091 276 1145 ut
296 1087 426 1164 primurn
446 1088 607 1163 adpareret
620 1085 741 1146 Orestes
757 1106 824 1145 eum
839 1086 936 1163 sociis,
955 1087 1004 1146 vix
1018 1089 1158 1163 poterant
1171 1087 1253 1145 aliud
1269 1087 1412 1146 facientes

241 1176 355 1254 induci3
373 1176 471 1253 patris
492 1177 571 1235 enim
590 1177 759 1253 sepulcrum
778 1178 810 1234 16
829 1194 917 1236 66666
935 1194 1001 1235 6666
1018 1196 1076 1236 666
1091 1177 1228 1253 debebat,
1247 1177 1318 1252 q'uia
1336 1195 1412 1252 quae

240 1266 392 1326 Electram
410 1267 490 1325 inter
510 1270 541 1325 et
560 1263 792 1343 Chrysothemin
812 1267 875 1325 328
887 1284 925 1324 ss.
944 1269 975 1324 et
995 1268 1107 1325 871ss.
1127 1269 1268 1342 aguntur,
1287 1266 1410 1326 616116-

239 1359 320 1415 moto
340 1357 475 1432 sepulcro
494 1354 561 1414 fieri
579 1373 638 1413 non
657 1357 807 1431 poterant.

326 1445 491 1521 Postquam
507 1441 628 1503 Orestes
647 1463 714 1503 eum
735 1444 797 1503 6616
817 1442 898 1517 abiit,
918 1443 998 1519 apud
1013 1442 1190 1518 Sophoclem
1209 1444 1411 1504 calamitatem

237 1552 323 1592 suam
346 1533 574 1594 commiseratur
597 1533 732 1606 Electra,
762 1532 831 1590 dein
854 1533 957 1607 prodit
980 1533 1102 1609 chorus,
1129 1551 1190 1591 non
1216 1534 1303 1592 aliter
1329 1535 1409 1608 apud

237 1622 413 1699 Euripidem
437 1641 486 1682 res
505 1623 619 1698 agitur,
645 1623 703 1681 nisi
722 1621 801 1698 quod
826 1622 869 1680 ibi
886 1615 953 1681 ideo
973 1640 1005 1681 se
1023 1621 1125 1681 venire
1144 1623 1251 1681 chorus
1268 1622 1354 1696 dicit,
1373 1624 1408 1679 ut

238 1712 276 1769 ad
299 1711 400 1771 ferias·
415 1712 609 1791 celebrandas
632 1712 782 1771 Electram
811 1713 910 1785 vocet,
938 1712 1017 1785 apud
1041 1710 1217 1785 Sophoclem
1246 1728 1334 1776 causa
1356 1729 1409 1769 cur

237 1801 352 1875 veniat,
375 1801 459 1860 nulla
482 1803 573 1860 extat.
612 1799 777 1878 Utrobique
797 1803 899 1859 autem
917 1800 1025 1858 chorus
1049 1818 1065 1858 6
1088 1800 1254 1875 virginibus
1285 1802 1411 1875 constat,

238 1908 298 1947 non
317 1909 333 1949 6
352 1891 455 1964 servis,
473 1894 508 1948 ut
523 1894 569 1948 est
583 1891 660 1965 apud
672 1889 866 1964 Aeschylum.
896 1887 979 1959 Quae
993 1888 1029 1947 de
1044 1890 1133 1949 choro
1147 1886 1312 1965 prodeunte
1338 1888 1413 1947 dixit

239 1978 495 2057 Wilamouitzius,
515 1997 550 2038 ea
568 1980 695 2055 probare
713 1997 840 2054 nequeo:
864 1997 961 2054 neque
985 1977 1062 2036 illud
1080 1982 1195 2037 certum
1213 1979 1260 2036 661
1283 1997 1301 2036 6
1319 1977 1412 2053 virgi·

238 2068 326 2128 nibus
346 2087 413 2128 eum
434 2071 570 2130 constare
585 2060 664 2150 ,(666
682 2068 782 2126 161666
801 2069 877 2126 bene
896 2068 933 2126 de
947 2068 1092 2127 matronis
1108 2066 1234 2143 cogitari
1247 2057 1412 2147 potest)²⁵)

238 2159 269 2215 et
287 2158 375 2234 plane
401 2158 504 2219 eodem
524 2149 612 2217 modo
641 2158 705 2217 sine
728 2158 793 2215 ulla
815 2175 906 2216 causa
929 2159 1037 2217 chorus
1061 2156 1161 2232 prodit
1183 2156 1214 2214 in
1233 2155 1411 2215 Trachiniis

236 2245 317 2305 Illud
343 2250 444 2307 autem
467 2247 593 2324 fingere,
621 2247 699 2323 quod
724 2248 812 2306 unius
835 2247 916 2305 illius
941 2247 999 2305 loci
1022 2264 1112 2305 66666
1135 2245 1220 2303 finxit
1242 2243 1412 2322 Euripides,

236 2340 342 2410 postea
361 2355 399 2396 ne
418 2336 661 2397 commemoravit
679 2327 855 2416 quidem⁷⁶),
874 2355 944 2394 num
964 2335 1042 2394 tanti
1061 2336 1127 2393 erat
1145 2332 1270 2409 ingenii,
1290 2337 1326 2392 ut
1342 2334 1412 2392 irni-

237 2425 350 2485 tatione
377 2444 517 2485 concessa
541 2424 717 2502 explicetur,
745 2444 797 2483 cur
824 2424 903 2498 apud
927 2424 1102 2500 Sophoclem
1128 2424 1190 2482 sine
1218 2422 1298 2482 iusta
1321 2441 1412 2482 causa

237 2515 344 2573 chorus
363 2514 479 2575 intret?
509 2514 566 2574 Sed
585 2514 660 2573 illud
681 2534 784 2574 verum
803 2518 849 2572 est
864 2514 942 2589 apud
958 2514 1140 2589 Aeschylum
1159 2511 1290 2587 primum
1305 2529 1411 2571 canere

236 2602 372 2676 chorum,
401 2603 470 2663 dein
488 2603 571 2681 loqui
589 2603 754 2679 Electram,
784 2601 863 2678 apud
882 2602 1056 2677 Euripidem
1081 2604 1111 2660 et
1130 2600 1308 2676 Sophoclem
1332 2601 1411 2660 hunc

236 2691 371 2750 ordinem
390 2711 456 2752 6666
479 2692 639 2752 inversum.
676 2691 782 2767 Neque
801 2710 857 2766 ego
883 2691 908 2749 si
928 2692 995 2766 quis
1014 2691 1070 2749 hoo
1090 2682 1247 2765 presserit,
1268 2689 1409 2767 obstab03

236 2798 342 2840 moneo
370 2786 471 2841 autern
500 2801 559 2841 non
587 2781 667 2856 apud
685 2781 873 2855 Euripidem,
902 2779 954 2839 sed
978 2780 1058 2854 apud
1082 2778 1256 2854 Sophoclem
1286 2783 1410 2855 propter

236 2870 346 2929 iustam
366 2889 486 2930 6666616
505 2874 679 2947 querentem
693 2870 793 2927 induci
808 2870 966 2928 Electram
994 2868 1053 2930 Illa
1072 2868 1151 2927 enim
1165 2867 1246 2926 canit
1261 2872 1295 2926 ut
1309 2871 1409 2945 66661,

236 2960 313 3018 hanc
336 2961 407 3036 quid
430 2960 527 3036 magis
550 2962 782 3019 consentaneum
805 2976 895 3034 quam
918 2962 1078 3034 postquam
1101 2956 1236 3016 domiin
1260 2957 1409 3034 angustiis

235 3048 379 3123 plorando
398 3049 625 3125 plangendoque
644 3048 871 3125 pervigilaverit
888 3050 1019 3121 noctem,
1046 3047 1117 3105 dum
1142 3045 1268 3122 prodeat
1285 3046 1317 3105 in
1336 3047 1408 3106 solis

235 3138 332 3196 lucem
351 3156 513 3215 auramque
531 3137 721 3210 matutinam,
740 3136 820 3212 apud
838 3137 892 3195 1166
910 3137 971 3195 1616
990 3136 1142 3196 effundere
1162 3130 1321 3212 querelas?

326 3226 409 3297 Quae
427 3227 464 3286 de
482 3246 531 3287 vv.
541 3226 612 3286 Eur.
627 3226 673 3284 El.
688 3228 909 3285 1011—1099
930 3229 960 3284 et
979 3225 1068 3301 Soph.
1088 3225 1133 3284 El.
1153 3226 1325 3284 516-609
1345 3223 1405 3282 dis·

237 3316 331 3374 seruit
349 3314 606 3386 Wilamowitzius,
626 3315 670 3373 eis
688 3314 762 3371 mihi
780 3314 901 3390 quidem
919 3333 978 3374 non
993 3314 1089 3392 magis
1107 3312 1282 3390 persuaderi
1299 3313 1406 3372 fateor.

235 3403 292 3463 Hie
310 3408 412 3464 autem
430 3405 503 3464 66116
521 3403 638 3464 habebo
662 3423 754 3462 unum
777 3402 914 3481 tetigisse
938 3403 1127 3481 Sophoclem,
1151 3403 1215 3463 eius
1238 3402 1317 3462 enim
1341 3420 1407 3461 sen—

235 3493 362 3553 tentiam
381 3494 431 3555 ille
450 3494 524 3554 mihi
542 3494 662 3555 videtur
680 3493 900 3568 ahqnantulum
919 3493 1081 3554 deflexisse.
1110 3492 1233 3551 Nullam
1253 3511 1307 3551 cur
1326 3492 1408 3568 Aga-

235 3602 423 3645 memnonem
440 3583 598 3656 necaverit,
619 3602 637 3642 a
656 3581 857 3660 Clytemestra
875 3601 996 3643 causam
1015 3582 1126 3642 adferri
1145 3582 1229 3651 dicit,
1249 3581 1310 3640 nisi
1329 3582 1407 3657 quod

235 3672 393 3749 Iphigenia
411 3693 465 3749 pro
476 3674 596 3734 Graecis
616 3677 647 3732 61
660 3672 797 3732 Menelao
815 3672 972 3733 immolata
990 3672 1042 3748 sit,
1063 3671 1137 3731 mire
1156 3671 1243 3730 illam
1257 3674 1357 3730 166616
1372 3670 1408 3729 116

308 3896 353 3965 to)
373 3896 480 3966 Singer,
500 3896 545 3951 die
563 3894 666 3950 beiden
683 3894 818 3950 Elektren
837 3900 881 3950 ta.

307 3968 352 4037 tt)
372 3965 471 4036 Singer
490 3968 532 4022 l.l.
553 3973 595 4023 65.
623 3968 700 4023 Haec
718 3967 779 4021 sola
796 3966 891 4021 inveni
909 3964 940 4020 16
959 3965 1010 4020 1116
1029 3965 1135 4033 libello,
1155 3981 1227 4034 quae
1248 3964 1410 4020 riderentur

235 4038 485 4093 commemoranda.
523 4039 615 4092 Unum
634 4040 730 4093 tamen
749 4056 784 4093 ex
801 4036 851 4107 iis,
875 4055 954 4108 quae,
966 4055 1040 4092 nova
1062 4037 1102 4091 ibi
1120 4035 1233 4104 prolata
1252 4039 1330 4103 sunt,
1353 4053 1408 4105 quo

234 4110 328 4179 plures
345 4109 411 4164 inde
432 4125 530 4180 capere
548 4107 659 4180 possint
677 4110 904 4176 delectationem,
922 4109 950 4164 h.
958 4108 977 4164 1.
997 4110 1083 4164 liceat
1096 4123 1323 4163 commemorare.
1356 4106 1409 4160 Fa-

234 4181 315 4236 bulae
330 4181 405 4236 enim
419 4180 590 4251 Sophocleas
604 4178 633 4234 in
647 4181 684 4235 L0
703 4180 855 4236 secundum
870 4179 995 4236 ordinem
1009 4179 1143 4235 chronolo
1166 4179 1240 4234 'cum
1254 4177 1407 4248 dispositas

235 4250 1126 4322 6666111111816361661666661866616661136661611661661
1169 4250 1294 4305 lectram.
1328 4248 1409 4303 Nolit

234 4323 322 4392 igitur
344 4323 490 4394 quisquam
518 4322 709 4393 inposterum
734 4324 847 4378 credere
865 4324 1008 4380 Electram
1030 4320 1129 4376 triadis
1155 4319 1326 4392 Byzantinus
1347 4337 1408 4375 6666

235 4398 326 4462 δρᾶμα
345 4398 477 4466 δεύτερον
496 4394 594 4466 (schol.
613 4393 678 4453 Eur.
699 4396 744 4452 Or.
763 4399 816 4465 23).
