3050 5109
722 213 1197 274 Lucubrationum
1235 211 1666 287 Euripidearum
1704 209 1893 284 capita
1930 209 2154 271 selecta.
2477 211 2604 279 321

265 389 617 452 Cassandra.
695 388 844 446 Mihi
880 389 993 448 hoc
1029 388 1247 447 mirum
1292 405 1409 447 non
1455 386 1697 446 videtur
1744 403 1900 465 esse3
1946 404 2160 462 nempe
2199 384 2521 461 Sophocles
2560 385 2612 443 si

264 482 501 542 vincere
536 479 599 538 in
636 479 744 538 illo
780 478 980 554 iurgio
1018 478 1262 537 volebat
1281 477 1599 551 Electram,
1634 496 1753 535 non
1789 479 2031 551 poterat
2057 475 2177 535 alia
2204 474 2610 551 proferentem

270 572 465 629 facere
504 568 983 644 Clytemestram,
1020 566 1139 626 nisi
1176 586 1328 642 quae
1366 568 1528 625 certo
1567 570 1814 641 possent
1848 564 2124 641 refutari3
2164 564 2332 641 atqui
2366 565 2477 623 hoc
2513 566 2611 623 vix

260 662 505 734 poterat
551 658 641 715 ita
693 656 999 733 redargui,
1047 658 1115 715 ut
1160 656 1320 714 omni
1371 655 1549 730 culpa
1584 655 1958 731 Agamemno
2005 655 2381 713 liberaretur.
2456 653 2611 712 Dein

261 746 736 823 Agamemnonis
763 747 1003 822 culpam
1030 764 1185 821 quae
1211 743 1522 805 videretur
1550 743 2008 822 Clytemestrae,
2044 763 2164 803 non
2193 743 2342 800 mihi
2368 741 2612 803 videtur

265 841 429 896 recte
457 836 791 896 definivisse
814 834 1334 910 Wilamowitzius;
1375 852 1498 892 non
1527 834 1684 893 enim
1712 833 1862 893 illud
1892 834 1999 891 illa
2025 833 2424 909 reprehendit,
2456 833 2612 905 quud

265 945 376 1001 pro
416 924 655 985 Graecis
710 927 772 985 et
827 924 1100 983 Menelao
1164 923 1349 983 filiam
1395 923 1800 984 immolaverit
1844 922 2244 1001 Agamemno,
2300 921 2404 981 sed
2452 921 2608 997 quud

266 1033 378 1089 pro
416 1015 536 1073 illis
575 1034 707 1074 eam
744 1014 1168 1091 immolaverit,
1214 1033 1367 1072 cum
1414 1033 1590 1089 opus
1636 1032 1773 1074 non
1817 1012 2050 1072 fuerit
2090 1013 2272 1071 hanc
2312 1013 2608 1069 maxime

191 1089 201 1099 ’
258 1103 651 1163 immolari:
693 1105 764 1162 cf.
805 1123 897 1164 vv.
930 1105 1115 1163 542s.

692 1226 731 1305 ἢ
769 1228 902 1287 τῶν
939 1224 1113 1301 ἐμῶν
1148 1222 1363 1301 Ἅιδης
1392 1220 1518 1286 τιν’
1554 1222 1779 1301 ἵμερον
1815 1223 2058 1287 τέκνων

692 1316 731 1394 ἢ
771 1317 903 1375 τῶν
939 1312 1182 1391 ἐκείνης
1219 1310 1362 1390 ἔςχε
1402 1312 1725 1376 δαίςαςθαι
1773 1313 2002 1388 πλέον;

264 1460 377 1519 Cui
425 1462 691 1520 Electra:
755 1459 995 1532 Fuisse,
1051 1478 1157 1519 cur
1210 1461 1356 1519 haec
1410 1459 1838 1519 immolaretur.
1932 1459 2089 1517 Nam
2146 1465 2396 1535 propter
2452 1461 2612 1537 Aga*

265 1550 600 1609 memnonis
639 1548 872 1623 culpam
909 1567 1092 1609 naves
1133 1568 1170 1607 a
1207 1549 1400 1607 Diana
1443 1552 1713 1607 retentas
1754 1567 1885 1607 esse
1923 1540 2141 1629 (563),
2192 1549 2396 1625 itaque
2440 1549 2608 1609 illius

264 1638 521 1697 maxime
558 1638 742 1696 filiam
783 1637 1070 1696 sacrificio
1110 1656 1239 1696 esse
1277 1639 1645 1713 postulatam
1685 1629 1892 1717 (572),
1930 1639 1999 1696 ut
2029 1636 2388 1697 Graecorum
2428 1661 2608 1697 naves

265 1727 510 1786 Troiam
547 1727 767 1802 adpelli
804 1730 1053 1802 possent
1090 1720 1296 1807 (574).
1353 1727 1564 1803 Neque
1604 1746 1746 1803 ergo
1784 1727 1932 1785 mihi
1968 1727 2209 1786 videtur
2235 1733 2396 1785 recte
2428 1729 2608 1785 wila-

263 1816 598 1876 mowitzius
637 1803 1005 1891 quaesivisse
1045 1809 1164 1893 (1.1.
1203 1836 1258 1891 p.
1285 1814 1464 1897 22o):
1508 1815 1665 1886 Quid
1701 1814 1930 1893 igitur?
1986 1815 2245 1893 Propter
2284 1837 2452 1873 11113111
2488 1821 2608 1877 11111-

267 1924 405 1981 pam
445 1906 646 1980 potius
685 1924 865 1981 quam
902 1924 1011 1981 pro
1050 1906 1236 1964 fratre
1273 1906 1572 1981 populove
1611 1905 1983 1981 Iphigeniam
2011 1906 2324 1965 immolar-e
2352 1905 2612 1965 debehat

264 1993 681 2070 Agamemno?
745 1995 1065 2054 Immolata
1118 1994 1435 2071 Iphigenia
1487 2014 1598 2070 pro
1655 1995 1918 2054 exercitu
1965 1994 2324 2055 Graecorum
2384 2001 2444 2053 et
2488 1997 2612 2055 Me-

263 2085 438 2143 nelao
478 2087 595 2161 est3
634 2086 703 2142 ut
739 2084 884 2143 haec
921 2083 1177 2142 maxime
1215 2084 1579 2143 immolanda
1615 2088 1792 2163 esset,
1828 2083 1888 2142 id
1928 2083 2396 2161 Agamemnonis
2436 2089 2612 2161 culpa

262 2173 491 2232 factum
530 2176 638 2234 est.

443 2262 527 2320 Et
564 2264 674 2321 hoc
711 2262 951 2337 quidem
990 2262 1319 2322 refutatum
1358 2261 1625 2339 videtur3
1671 2262 1858 2337 priori
1902 2263 1994 2322 illi
2029 2266 2412 2339 argumento,
2452 2265 2608 2341 quud

266 2370 303 2410 a
333 2351 826 2410 similitudinibus
858 2351 1247 2427 prologorum
1276 2350 1659 2426 desumptum
1690 2355 1798 2429 est,
1838 2352 1891 2411 si
1918 2352 2052 2428 quis
2079 2352 2255 2411 inniti
2288 2353 2464 2429 velet,
2492 2373 2608 2413 uun

263 2459 509 2517 possum
546 2440 934 2500 intercedere.
1009 2440 1157 2499 Mihi
1195 2443 1397 2500 autem
1434 2442 1532 2500 vel
1569 2441 1702 2501 ideo
1740 2460 1955 2517 parum
2003 2443 2065 2500 id
2110 2443 2348 2518 probari
2398 2445 2608 2513 fateor,

267 2531 408 2605 quia
445 2528 798 2606 Sophoclem
827 2530 1196 2591 evitaturum
1221 2529 1425 2605 potius
1456 2550 1635 2606 quam
1663 2531 2082 2606 quaesiturum
2109 2531 2296 2591 fuisse
2336 2533 2608 2593 existimo

265 2620 448 2677 talem
487 2619 938 2679 similitudinem
974 2620 1217 2679 fabulae
1257 2619 1410 2696 eius,
1463 2620 1558 2678 cui
1598 2638 1768 2678 suam
1816 2625 1978 2680 esset
2014 2620 2416 2697 oppositurus.
2492 2621 2608 2681 Sed

264 2708 552 2784 quidquid
591 2709 652 2766 id
689 2712 806 2785 est,
855 2708 1018 2766 ultra
1052 2708 1539 2785 probabilitatem
1576 2708 1683 2769 illo
1722 2713 2078 2786 argumento
2120 2729 2240 2770 non
2276 2713 2508 2769 essendi
2552 2713 2608 2769 id

265 2796 414 2853 mihi
452 2796 658 2856 videor
696 2797 1212 2858 demonstravisse.

442 2885 614 2944 Licet
649 2886 837 2962 igitur
872 2886 1127 2945 alteram
1155 2888 1314 2947 viam
1353 2887 1603 2965 ingredi.
1664 2886 1939 2948 Conabor
1968 2891 2170 2948 autem
2199 2889 2608 2949 desnuustrare

264 2974 506 3050 propria
552 2974 844 3049 quaedam
889 2974 951 3033 in
999 2977 1240 3036 Electra
1287 2976 1603 3052 adparere,
1660 2978 1877 3053 quibus
1936 2978 2234 3054 discrepet
2280 2997 2316 3037 a
2363 2981 2604 3053 reliquis

264 3063 486 3122 fabulis
517 3064 852 3140 Sophoclis;
882 3064 1021 3122 dein
1049 3066 1332 3142 explicari
1361 3085 1432 3125 ea
1457 3084 1651 3141 posse,
1684 3068 1733 3125 si
1761 3068 2120 3127 festinanter
2156 3067 2420 3126 fabulam
2452 3089 2608 3126 1111111-

262 3153 521 3227 positam
560 3172 690 3212 esse
730 3173 1053 3214 sumamus,
1117 3153 1301 3214 Cuius
1338 3155 1742 3216 festinationis
1780 3157 1943 3215 iusta
1979 3160 2221 3233 reperta
2255 3161 2372 3217 erit
2409 3177 2608 3233 causa,

263 3240 317 3299 si
352 3243 615 3300 nondum
644 3246 814 3302 actae
842 3244 1116 3304 Electrae
1136 3245 1496 3320 Euripideae
1533 3248 1958 3321 argumentum
1996 3247 2233 3307 novisse
2272 3249 2608 3305 eonsilium-

263 3350 377 3405 que
407 3332 635 3406 cepisse
665 3332 1016 3407 Sophoclem
1046 3336 1436 3393 statuerimus
1474 3336 1684 3394 statim
1712 3336 2070 3411 respondere
2099 3337 2460 3413 adversario,
2496 3341 2532 3397 i.
2556 3361 2604 3397 11.

265 3419 318 3478 si
366 3438 485 3477 una
531 3438 665 3477 cum
703 3414 947 3479 Electra
991 3422 1319 3498 Euripidea
1356 3422 1746 3498 Sophocleam
1807 3425 2053 3484 ineunte
2090 3444 2143 3486 a.
2182 3427 2308 3485 413
2368 3429 2604 3485 ductam

263 3526 392 3568 esse
431 3527 879 3584 sumpsenmuS.

442 3597 556 3656 Hic
593 3600 796 3656 autem
833 3598 1091 3674 primum
1138 3598 1288 3657 illud
1335 3600 1725 3660 adferendum
1772 3605 1891 3677 est,
1950 3604 2107 3679 quod
2152 3605 2508 3677 complurissa
2544 3609 2604 3665 111

263 3687 375 3748 hac
410 3687 620 3746 fabula
655 3687 1120 3761 deprehenditur
1159 3687 1481 3764 Sophocles
1529 3691 1625 3750 sui
1661 3691 1849 3768 ipsius
1897 3691 2184 3752 imitator.
2264 3693 2396 3753 Iure
2448 3697 2600 3753 euim

266 3776 487 3923 oftimo
534 3776 772 3836 videtur
821 3776 1040 3836 dixisse
1078 3777 1569 3838 Wilamowitzius
1621 3780 1719 3841 vix
1756 3781 2120 3856 scripturum
2157 3782 2340 3841 fuisse
2380 3785 2600 3861 Sophu-

266 3885 295 3924 c
321 3885 414 3925 em
454 3887 505 3926 v.
544 3868 626 3925 47
634 3868 670 3925 3

270 3984 323 4048 εἰ
361 3988 440 4066 μὴ
479 3984 592 4063 ’γὼ
641 3985 1002 4067 παράφρων
1052 3986 1271 4067 μάντιε
1318 3986 1483 4068 ἔφυν
1541 3991 1642 4054 καὶ
1690 3990 1950 4071 γνώμας
1989 3992 2336 4070 λειπομένα
2376 3997 2604 4073 eumd-z,

265 4131 375 4191 nisi
417 4133 753 4209 scripsisset
790 4133 909 4195 ΟΒ.
953 4139 1122 4197 1086

618 4252 796 4333 εἴπερ
834 4256 963 4332 ἐγὼ
1003 4255 1220 4334 μάντις
1259 4256 1379 4336 εἰμὶ
1417 4258 1519 4322 καὶ
1557 4258 1716 4323 κατὰ
1753 4257 2017 4337 γνώμαν
2051 4258 2238 4341 ἴδρις,

264 4401 358 4461 vix
395 4400 859 4477 imprecaturam
896 4403 1082 4463 fuisse
1121 4403 1588 4481 Clytemestram
1620 4408 1980 4483 Apollinem,
2018 4409 2135 4467 nisi
2170 4417 2348 4469 antea
2384 4413 2600 4489 impre-

364 4510 525 4550 Jahrb.
559 4512 590 4550 f.
620 4512 752 4553 class.
780 4512 944 4553 Philol.
988 4513 1140 4562 Suppl.
1182 4513 1255 4553 Bd
1283 4516 1383 4556 XV.
2106 4513 2169 4561 21
