3050 5109
370 225 607 283 Lucubrationum
627 226 841 298 Euripidearum
860 226 955 298 capita
974 229 1084 284 selecta.
1250 227 1315 292 273

231 398 304 456 Eur.
322 396 413 473 Hipp.
436 399 520 457 1223

359 499 390 562 αἳ
410 495 442 561 b'
462 500 650 564 ἐνδακοῦεαι
669 498 780 579 (τόμια
799 505 952 580 πυριγενῆ
971 504 1125 581 γναθμοῖε

357 588 408 671 βίᾳ
427 590 560 667 φέρουει

141 719 175 778 in
194 718 373 777 scholiastae
393 718 572 793 paraphrasi
596 718 705 793 duplex
723 719 800 777 latet
817 717 919 778 lectio:
946 715 979 777 αἳ
998 713 1031 778 δ’
1057 715 1257 778 succrescas
1283 712 1316 776 αἱ

141 805 179 866 δὲ
200 806 305 866 πῶλοι
321 805 471 865 δακοῦεαι
485 804 536 865 καὶ
550 803 778 882 ἐγκρατήεαεαι
795 803 871 867 robe
891 805 1050 882 χαλινοὺε,
1068 804 1144 867 robe
1162 804 1198 866 ἐκ
1215 802 1317 881 πυρὸε

139 894 339 971 γενομένου(
362 891 399 953 έν
416 895 486 955 ταῐε
506 889 625 967 ειαγόει
648 894 699 955 καὶ
718 891 867 969 διάπυροι
889 892 1060 971 γενόμεναι
1079 891 1212 971 ἔτρεχον
1237 893 1316 972 [καὶ]

140 984 220 1060 μήτε
240 984 298 1044 τοῦ
317 978 451 1059 ἡνιόχου
470 980 629 1059 φροντίδα
648 981 838 1059 ποιούμεναι
863 982 940 1060 μήτε
962 984 1029 1045 τῶν
1048 985 1204 1060 χαλινῶνε
1227 1002 1317 1058 πυρι-

140 1075 221 1149 γενῆ
241 1078 273 1133 et
290 1074 480 1147 πυριγενεῐε.
527 1075 637 1134 Eodem
658 1075 849 1133 referendum
868 1078 915 1134 est
933 1075 1018 1134 Pind.
1037 1075 1083 1135 Ol.
1103 1078 1132 1151 2,
1153 1077 1195 1133 22

359 1193 459 1257 ἐελάιν
479 1194 540 1271 γὰρ
552 1192 624 1286 ,ὑπὸ
643 1194 815 1273 χαρμάτων
835 1199 924 1274 πῆμα
942 1194 1068 1260 θνάεκει

357 1281 554 1358 παλίγκοτον
574 1285 740 1361 superea.

141 1430 254 1491 Sabat:
274 1423 345 1488 ἀντὶ
363 1429 421 1488 τοῦ
440 1426 575 1504 ἡττηθὲν
595 1425 639 1490 εἰ(
657 1425 798 1490 τούπίεω
817 1427 875 1491 τὸν
893 1425 997 1490 κόπον
1016 1426 1183 1508 ἀποβαλόν
1202 1429 1254 1493 καί
1273 1428 1317 1492 εἰ(

140 1517 244 1593 λήθην
269 1515 424 1578 ἐκπῖπτον
449 1518 515 1578 τῶν
541 1518 647 1579 κακῶν
672 1517 692 1594 ἢ
716 1515 927 1595 παλίγκοτον,
951 1516 1005 1580 ἵνα
1028 1515 1101 1599 εἴπῃ
1125 1519 1163 1581 τὸ
1189 1518 1317 1596 ἰεχυρὸν

140 1604 231 1682 παρὰ
253 1604 292 1666 τὸ
318 1600 346 1682 β’
371 1604 555 1685 ἐπιτροπίας
581 1609 657 1668 duae
682 1610 868 1684 explicantur
890 1609 1034 1669 lectiones
1058 1606 1260 1683 παλίγκοπον
1289 1616 1319 1669 et

140 1692 349 1768 παλίγκοτον.
397 1696 520 1773 Saepius
555 1697 633 1756 euim
665 1699 852 1757 diversarum
880 1719 928 1759 ττ.
953 1700 984 1757 ll.
1013 1700 1225 1775 explicationes
1254 1702 1318 1758 sola

142 1787 295 1862 particula
314 1785 493 1846 disiunctiva
512 1790 704 1862 separantur:
730 1787 839 1848 Aeseh.
857 1788 940 1847 Pers.
962 1791 1038 1848 609:

361 1904 436 1986 βοά(
454 1904 485 1969 τ’
505 1904 567 1985 ἀφ’
587 1906 686 1987 άγνῆε
706 1909 821 1972 λευκὸν
841 1906 981 1971 εὔποτον
999 1907 1091 1984 γάλα.

143 2054 277 2114 Scholia:
311 2052 424 2128 λευκῆε
446 2051 466 2128 ἢ
491 2047 643 2125 ἀγελαίαε
665 2052 685 2129 ἢ
709 2049 837 2115 ἀεινοῦε
864 2059 927 2114 tres
955 2055 1013 2113 nisi
1040 2056 1129 2115 fallor
1153 2056 1318 2115 redduntur

144 2145 301 2203 lectiones:
333 2138 408 2218 βοόε
431 2136 465 2201 τ’
490 2136 548 2202 ἀπ’
572 2137 683 2218 ἀργῆε,
714 2139 790 2219 soor
812 2139 845 2202 τ’
867 2137 928 2203 ἀπ’
945 2138 1076 2221 άγέληε,
1107 2140 1182 2220 βοά(
1203 2139 1235 2204 τ’
1258 2139 1320 2219 ἀφ’

144 2228 254 2308 ἁγνῆς.
296 2231 484 2291 Coniecturis
504 2232 619 2307 pridem
637 2235 775 2293 tentatur
797 2233 884 2294 Pind.
904 2231 950 2293 01.
970 2237 999 2309 9,
1018 2236 1060 2293 47

359 2349 459 2431 ἔγειρ’
479 2352 586 2418 ἐπέων
610 2372 685 2432 εφιν
704 2351 798 2432 οἷμον
814 2354 925 2448 ηλιγάν;

149 2500 277 2559 nondum
291 2500 354 2559 ridi
373 2500 566 2560 observatum
581 2501 693 2560 scholio
713 2496 772 2561 τὸν
785 2500 851 2561 τῶν
866 2497 974 2562 ἐπέων
988 2498 1108 2575 λιμένα,
1129 2496 1318 2576 καθόρμιεον

148 2585 192 2648 εἰε
210 2586 269 2649 τὸν
287 2585 388 2663 ὕμνον
407 2588 525 2649 τοῦτον
545 2591 668 2651 subesse
681 2592 739 2652 al.
759 2585 861 2665 ὅρμον
879 2586 979 2663 λιγύν.
1013 2590 1172 2651 Putarcrit
1191 2591 1319 2650 fortasse

148 2679 297 2755 quispiam
316 2680 420 2739 eodem
438 2679 589 2754 pertinere
607 2679 697 2756 Hipp.
718 2681 782 2740 954

748 2797 872 2877 Ὀρφέα
890 2796 923 2862 τ’
941 2796 1055 2863 ἄνακτ’
1073 2797 1159 2877 ἔχων

362 2888 497 2969 βάκχευε
516 2890 650 2953 πολλῶν
669 2886 864 2967 γραμμάτων
882 2891 982 2968 τιμῶν
1001 2888 1157 2963 καπνούε;

147 3057 238 3113 quem
255 3057 284 3097 v.
295 3037 403 3097 codicis
418 3035 549 3096 Parisini
566 3038 716 3095 corrector
729 3036 774 3094 ita
787 3036 976 3095 inlustravit:
995 3028 1038 3117 (p.
1051 3038 1124 3113 172,
1145 3033 1202 3115 15)
1221 3034 1320 3111 τιμῶν

146 3122 248 3186 οἰκία(
271 3122 327 3185 τὰ(
346 3120 410 3185 ὑπὸ
428 3125 494 3185 τιίιν
514 3120 711 3200 φορολόγων
730 3120 1007 3200 εἰεγεγραμμέναε.
1043 3125 1146 3184 Primo
1170 3125 1243 3184 haec
1266 3126 1318 3186 ob-

147 3218 219 3274 tutu
237 3216 332 3275 cuivis
350 3218 493 3291 corrupta
510 3215 693 3274 ridebuntur
712 3214 897 3291 conicietque
916 3217 1058 3290 fortasse,
1081 3215 1161 3290 quod
1179 3214 1260 3291 haud
1278 3214 1320 3272 in-

102 3318 111 3329 ·
147 3305 305 3380 eleganter
328 3304 421 3364 conici
444 3304 545 3364 audivi
567 3302 667 3379 τιμῶν
685 3299 772 3363 εκιάε
790 3300 846 3363 τὰε
864 3295 929 3363 ὑπὸ
952 3303 1018 3363 τῶν
1036 3298 1241 3378 φυειολόγων
1261 3299 1320 3364 εἰε-

147 3390 383 3468 γεγραμμέναε;
404 3393 484 3469 qucd
502 3412 540 3453 ne
558 3394 721 3469 probemus
736 3393 837 3453 obstet
850 3393 929 3452 illud
943 3389 1232 3467 εἰεγεγραμμέναε.
1262 3393 1321 3452 Sed

147 3483 201 3540 ubi
220 3481 393 3559 inspexeris,
412 3501 488 3559 quae
507 3482 658 3561 congessit
675 3481 851 3558 Ducangius
870 3502 893 3542 s.
903 3503 931 3542 v.
946 3477 1068 3542 καπνός
1087 3475 1207 3542 ‘novell
1222 3481 1320 3541 Isaaci

148 3569 293 3632 Gomneni
311 3571 363 3631 lib.
379 3574 397 3630 2
417 3572 490 3630 iuris
505 3569 715 3644 Graeco-Rom.
736 3570 868 3631 scholion
886 3591 914 3647 p.
932 3574 992 3630 121
1014 3572 1045 3630 in
1063 3571 1194 3647 Epitom.
1210 3571 1321 3630 Canon.

147 3660 221 3719 ibid.
242 3664 260 3721 7
281 3655 431 3721 ὡεαιίτωε
450 3656 531 3735 ὑπὲρ
553 3660 612 3721 τοῦ
631 3660 802 3720 κανονικοῦ
826 3654 891 3719 άπὸ
914 3660 972 3720 τοῦ
991 3654 1125 3735 ἔχοντο(
1144 3656 1263 3734 χωρίου
1288 3651 1337 3741 λ’,

148 3747 292 3809 καπνοὺε
311 3745 445 3824 νόμιεμα
469 3749 606 3825 χρυεοῦν
630 3742 693 3824 ἕν’,
717 3750 793 3809 scies
818 3768 876 3825 quo
895 3749 960 3809 iure
978 3746 1121 3809 καπνούε
1144 3768 1198 3826 per
1221 3745 1321 3810 οἰκία(

147 3843 269 3898 uertere
288 3857 375 3915 posse
394 3840 451 3899 sibi
469 3840 550 3900 visus
570 3840 610 3898 sit
629 3838 797 3898 scholiasta.
818 3833 986 3913 γράμματα
1006 3842 1108 3898 autem
1131 3857 1199 3897 cum
1217 3840 1322 3914 procul

148 3928 241 3987 dubio
261 3928 445 3988 intellexerit
462 3923 605 4002 τιμητικὰ
623 3923 792 4003 γράμματα
810 3922 911 4009 (Dion.
931 3928 998 3988 Hal.
1017 3928 1069 4001 IV,
1090 3920 1158 4009 22),
1176 3948 1214 3987 ne
1233 3929 1321 3989 vecti-

145 4016 266 4095 galium
284 4017 403 4093 quidem
423 4022 574 4078 exactores
593 4018 780 4077 mirabimur.

585 4218 695 4290 capua
717 4216 887 4289 quintum.

241 4338 411 4401 Fridericus
426 4339 603 4401 Heimsoeth
621 4344 657 4400 ut
675 4344 741 4400 erat
759 4339 880 4401 omnino
898 4340 1003 4415 paullo
1021 4336 1201 4415 pertinacior
1219 4338 1251 4397 in
1269 4337 1321 4397 eli·

148 4430 257 4507 gerulis
274 4431 460 4491 medelarum
478 4430 651 4507 generibus,
676 4431 721 4491 ita
740 4431 826 4508 quasi
845 4430 912 4490 odio
931 4429 1060 4505 quodam
1085 4428 1322 4503 persequebatur

205 4539 492 4583 Jahrb.f.clecs.1³hil01.
520 4540 599 4590 Suppl.
613 4540 655 4581 Bd.
670 4541 721 4581 XV.
1036 4583 1046 4598 Χ
1078 4533 1109 4580 18
