3050 5109
221 276 287 340 310
684 273 807 329 Evaldus
825 272 933 328 Bruhn:
967 243 970 248 Ι

221 446 348 521 Ulixem,
367 448 402 506 ut
419 464 508 523 aegre
527 446 641 503 ferrent
661 444 724 503 sine
741 444 804 502 ulla
819 462 907 502 causa
920 444 964 502 ita
978 443 1096 501 misceri
1110 461 1128 501 a
1141 445 1231 520 poeta
1247 444 1392 526 tempora.

222 536 428 613 Pythagoram
450 535 590 593 fidentius
615 534 723 610 exim03
751 534 789 591 de
811 552 871 609 quo
894 533 920 592 si
943 533 1005 591 tale
1029 532 1100 608 qnid
1123 533 1278 591 narratum
1304 538 1394 609 esset,

222 625 271 685 vix
293 625 392 700 potuit
414 644 474 685 uon
498 642 676 700 cognoscere
700 621 880 683 Herodotus.
918 621 976 691 Qui
998 622 1025 679 si
1047 624 1217 698 cognosset,
1240 628 1396 681 narrasset

221 713 273 789 IV,
295 715 335 774 95
359 708 404 772 ὡς
428 709 463 772 δὲ
488 708 552 784 ἐγὼ
576 706 778 786 πυνθάνομαι
800 710 866 770 τῶν
888 706 947 770 τὸν
965 705 1199 786 Ἑλλήςποντον
1220 704 1394 771 οἰκεόντων

221 798 382 876 Ἑλλήνων
402 799 452 862 καὶ
465 798 606 875 Πόντον,
624 797 682 860 τὸν
696 796 857 873 Ζάλμοξιν
875 800 993 860 τοῦτον
1011 794 1108 860 ἐόντα
1127 794 1300 873 ἄνθρωπον
1319 799 1393 860 δου-

223 891 329 951 λεθςαι
358 887 393 951 ἐν
417 885 524 969 (ἀμφ,
554 889 721 950 δουλεθςαι
748 887 783 948 δὲ
812 884 988 968 Πυθαγόρῃ
1011 889 1057 967 τῷ
1081 884 1274 963 Μνηςάρχου
1298 935 1393 949 .....

222 977 280 1040 τὸν
294 974 454 1055 Ζάλμοξιν
468 980 586 1040 τοῦτον
604 974 814 1052 ἐπιςτάμενον
835 973 958 1037 δίαιτάν
976 994 1010 1037 τε
1030 971 1113 1037 Ἰάδα
1131 973 1182 1037 καὶ
1199 974 1279 1051 ἤθεα
1300 975 1394 1053 βαθύ-

222 1086 300 1143 τερα
323 1067 342 1144 ἢ
366 1065 446 1128 κατὰ
465 1065 601 1143 Θρήϊκα(
626 1062 679 1128 οἷα
696 1062 823 1141 (Ἐλληςί
842 1084 877 1127 τε
896 1062 1088 1141 ὁμιλήςαντα
1106 1063 1157 1127 καὶ
1175 1062 1336 1140 Ἑλλήνων
1355 1064 1396 1128 οὐ

222 1158 268 1238 τῷ
283 1152 499 1233 ἀςθενεςτάτῳ
514 1159 645 1237 ςοφιςτῇ
660 1152 849 1235 Πυθαγόρῃ;
865 1157 956 1216 immo
972 1176 1007 1215 ex
1021 1157 1067 1232 iis,
1081 1175 1157 1232 quae
1172 1156 1209 1214 de
1223 1157 1396 1216 Zalmoxide

222 1250 398 1307 narraverat
424 1246 605 1322 Herodotus,
633 1247 709 1305 hano
735 1246 879 1305 fabellam
905 1245 992 1304 finxit
1010 1245 1193 1320 Hermippus
1217 1237 1317 1325 (Diog.
1341 1246 1395 1306 La.

223 1335 305 1411 VIII,
322 1329 379 1417 41)
394 1337 429 1395 ef.
445 1336 557 1408 Rohde,
575 1335 652 1394 Mus.
666 1335 761 1393 Rhen.
778 1337 828 1405 26,
845 1326 961 1414 557.⁶⁰)
984 1334 1200 1410 Epimenidem,
1214 1334 1240 1392 si
1255 1335 1292 1392 ad
1306 1334 1396 1411 Diog'.

222 1422 275 1484 La.
295 1426 407 1496 Leon
427 1419 623 1499 Ἐπιμενίδης
646 1418 727 1484 καθά
751 1440 826 1498 φηςι
846 1418 1074 1497 Θεόπομπος
1098 1419 1149 1482 καὶ
1167 1416 1260 1482 ἄλλοι
1279 1420 1398 1503 ςυχνοί,

220 1510 342 1588 πατρός
361 1511 419 1587 μὲν
439 1510 479 1588 ἦν
499 1509 647 1574 Φαιςτίου
662 1558 782 1573 ......
798 1506 829 1572 οἱ
848 1508 883 1571 δὲ
902 1505 1115 1587 Ἀγηςάρχου·
1145 1509 1225 1587 Κρὴς
1243 1508 1281 1572 τὸ
1300 1510 1398 1585 γένος

220 1597 285 1663 άπὸ
307 1600 452 1663 Κνωςςού
470 1647 478 1662 .
498 1647 505 1662 .
525 1647 532 1661 .
552 1597 648 1662 οὗτός
666 1618 745 1663 ποτε
837 1598 993 1675 πεμφθεὶς
1012 1646 1130 1661 ......
1150 1597 1194 1661 εἰς
1218 1595 1319 1675 ἀγρόν
1342 1599 1397 1662 ἐπὶ

134 1695 138 1698 ’
221 1686 386 1767 πρόβατον
400 1692 456 1765 τής
471 1686 551 1752 ὁδοῦ
566 1687 645 1751 κατὰ
660 1685 852 1766 μεςημβρίαν
866 1685 1010 1750 ἐκκλίνας
1026 1684 1085 1749 ὑπ’
1100 1683 1207 1769 ἄντρῳ
1225 1687 1286 1749 τινὶ
1305 1707 1397 1751 κατε-

223 1778 355 1856 κοιμήθη
371 1775 453 1839 ἑπτὰ
467 1777 517 1840 καὶ
531 1777 733 1854 πεντήκοντα
751 1773 822 1854 ἔτη
842 1775 1009 1839 διαναςτάς
1028 1777 1063 1838 δὲ
1083 1776 1162 1853 μετὰ
1179 1779 1280 1840 ταῦτα
1294 1776 1398 1854 ἐζήτει

221 1867 258 1929 τό
277 1864 453 1945 πρόβατον.
486 1864 531 1928 ὡς
555 1865 590 1927 δὲ
610 1864 670 1942 οὐχ
690 1865 831 1943 εύριςκεν
851 1913 923 1926 ....
943 1862 1040 1927 πάλιν
1058 1863 1135 1943 ἧκεν
1155 1863 1200 1928 εἰς
1219 1862 1294 1928 ἄςτυ
1313 1869 1398 1929 adhi-

224 1959 323 2018 bueris
342 1958 546 2033 Porphyrium
570 1977 615 2033 ap.
634 1957 745 2016 Euseb.
763 1975 865 2033 praep.
885 1975 929 2017 ev.
948 1957 987 2028 X,
1007 1960 1026 2016 3
1046 1978 1075 2035 p.
1094 1959 1158 2017 464
1179 1956 1201 2017 O
1226 1954 1397 2033 πραγμά-

220 2062 296 2107 των
315 2040 347 2106 δ’
367 2041 570 2121 ὑφαίρεςιν
590 2042 795 2120 πεποίηται
815 2038 1054 2126 (Theopompus)
1073 2043 1250 2119 μεταθεὶς
1267 2044 1312 2106 τὰ
1334 2042 1396 2108 ἐπ’

221 2131 348 2196 ἄλλων
379 2129 524 2210 ἄλλοις,
555 2131 618 2195 ἵνα
646 2132 705 2195 καὶ
734 2130 899 2209 ψεύςτης
927 2129 1005 2214 ἁλῷ
1033 2136 1150 2195 τοῦτον
1177 2132 1236 2195 τὸν
1263 2131 1395 2210 τρόπον.

221 2220 408 2299 Ἄνδρωνα(
426 2220 487 2298 γὰρ
506 2222 543 2285 ἐν
562 2225 607 2303 τῷ
627 2219 751 2298 τρίποδι
771 2221 844 2299 περὶ
862 2218 1058 2299 Πυθαγόρου
1077 2224 1135 2284 τοῦ
1154 2219 1337 2300 φιλοςόφου
1356 2223 1398 2286 τὰ

221 2309 294 2386 περὶ
316 2309 373 2373 τὰς
398 2310 585 2389 προρρήςεις
603 2308 806 2387 ἱςτορηκότος
826 2307 973 2373 εἰπόντος
991 2330 1026 2373 τε
1045 2307 1090 2371 ιὶις
1109 2312 1243 2388 διψήςας
1262 2312 1340 2374 ποτὲ
1360 2312 1397 2376 ἐν

221 2398 435 2481 Μεταποντίῳ
450 2399 501 2461 καὶ
520 2396 555 2461 ἔκ
572 2418 659 2462 τινος
678 2399 820 2477 φρέατος
839 2397 989 2477 ἀνιμήςας
1008 2399 1059 2461 καὶ
1078 2399 1162 2462 πιὼν
1181 2404 1336 2476 προεῖπεν
1350 2400 1397 2465 ῶς

221 2487 265 2552 εἰς
284 2486 393 2566 τρίτην
411 2488 532 2566 ἡμέραν
545 2486 650 2560 ἔςοιτο
666 2485 801 2565 ςειςμός·
819 2484 981 2565 καὶ-ἕτερά
993 2508 1065 2551 τινα
1079 2488 1205 2552 τούτοις
1219 2488 1396 2565 ἐπαγαγὼν

221 2577 374 2651 ἐπιλέγει·
408 2574 509 2640 Ταῦτ’
528 2575 587 2640 οὖν
606 2580 664 2640 τοῦ
683 2575 868 2654 Ἀνδρωνος
887 2576 960 2654 περὶ
978 2576 1174 2655 Πυθαγόρου
1192 2576 1395 2657 ἱςτορηκότος

221 2664 326 2730 πάντα
344 2663 497 2744 ὑφείλετο
517 2665 724 2745 Θεόπομπος·
744 2665 772 2729 εἰ
791 2666 848 2743 μὲν
868 2665 940 2741 περὶ
958 2665 1154 2744 Πυθαγόρου
1174 2667 1292 2745 λέγων,
1311 2666 1395 2747 τάχα

221 2753 261 2818 ἂν
279 2755 332 2819 καὶ
351 2754 453 2834 ἕτεροι
472 2758 492 2836 †
513 2754 684 2831 ήπίςταντο
704 2754 777 2832 περὶ
795 2752 1103 2830 αὐτούκαίέλεγον·
1118 2756 1283 2820 ταῦτακαὶ
1298 2756 1395 2821 αὐτὸς

220 2847 241 2925 †
260 2842 302 2908 ἂν
322 2842 427 2908 εἷπον·
446 2848 506 2908 νύν
525 2845 561 2907 δὲ
580 2846 638 2922 τήν
657 2845 780 2922 κλοπήν
800 2845 900 2922 δήλην
922 2842 1096 2921 πεποίηκεν
1118 2844 1138 2923 ἡ
1158 2849 1216 2909 τοῦ
1235 2844 1395 2924 ὀνόματος

220 2932 390 3011 μετάθεςις.
427 2937 495 2997 τοῖς
520 2934 577 3011 μὲν
602 2933 663 3011 γὰρ
687 2930 845 3011 πράγμαςι
869 2933 1016 3012 κέχρηται
1040 2936 1108 2998 τοῖς
1131 2936 1253 3012 αὐτοῖς,
1282 2936 1395 3013 ἕτερον

221 3019 253 3086 δ’
272 3019 376 3100 ὄνομα
394 3024 596 3101 μετενήνοχε.
629 3021 812 3099 Φερεκύδην
830 3020 892 3099 γὰρ
910 3022 969 3085 τὸν
988 3022 1101 3100 (ύριον
1120 3023 1274 3102 πεποίηκε
1294 3029 1395 3088 ταῦτα

221 3112 426 3190 προλέγοντα
449 3113 564 3193 κτλ,
587 3134 647 3174 non
665 3115 762 3192 magis
786 3118 902 3173 eertum
920 3133 986 3174 esse
1005 3117 1156 3176 consedes.
1198 3117 1396 3177 Relineuntur

222 3204 298 3264 serti
316 3205 375 3263 duo
394 3204 439 3263 illi
457 3205 621 3280 sapientes,
641 3203 677 3262 de
697 3202 806 3278 quibus
826 3203 997 3264 Herodotus
1016 3205 1155 3281 exposuit
1172 3206 1204 3265 in
1222 3207 1241 3265 l.
1261 3208 1309 3266 lV.
1328 3207 1395 3267 Iam

220 3294 256 3354 ef.
275 3291 365 3369 Soph.
384 3290 441 3352 00.
462 3295 571 3353 337ss.

433 3427 460 3494 ὧ
479 3427 576 3494 πάντ’
595 3430 707 3497 ἐκείνω
726 3435 795 3495 τοῖς
814 3431 850 3495 ἐν
869 3430 1017 3514 Αἰγύπτῳ
1037 3430 1147 3510 νόμοις

433 3519 528 3598 φύειν
547 3521 784 3585 κατεικαςθέντε
804 3520 854 3584 καὶ
875 3519 943 3599 βίου
962 3520 1094 3599 τροφάς.

433 3609 499 3672 ἐκεῖ
517 3608 577 3688 γὰρ
597 3609 628 3674 οἱ
647 3610 704 3688 μὲν
723 3607 853 3689 ἄρςενες
872 3609 951 3672 κατὰ
970 3610 1082 3685 ςτέγας

433 3701 581 3765 θακοῦςιν
599 3698 855 3778 ίςτουργοῦντες,
874 3696 906 3762 αἱ
925 3699 960 3762 δὲ
981 3698 1130 3778 ςύννομοι

432 3785 516 3855 τάξω
538 3787 608 3868 βίου
626 3793 763 3868 τροφεῖα
782 3782 976 3867 πορςύνους’
995 3786 1043 3852 oe

221 3954 288 3995 oum
307 3935 377 3993 Her.
397 3934 498 4008 11,35
518 3926 692 4015 (Aegyptii)
711 3929 751 3992 τὰ
770 3928 877 3993 πολλὰ
895 3927 1001 3994 πάντα
1019 3930 1155 4009 ἔμπαλιν
1173 3939 1253 3998 τοῖςι
1273 3933 1395 4001 ἄλλοιςι

222 4019 415 4098 άνθρώποιςι
434 4020 603 4100 ἐςτήςαντο
622 4018 703 4098 ήθεά
716 4037 751 4083 τε
766 4019 817 4082 καὶ
833 4018 963 4098 νόμους·
983 4019 1019 4084 ἐν
1033 4025 1113 4086 τοῑςι
1127 4022 1159 4085 αἱ
1174 4023 1232 4101 μὲν
1246 4030 1395 4100 γυναῖκες

310 4251 355 4316 60)
374 4247 460 4302 Miror
474 4248 594 4301 eundern
609 4247 749 4302 Rohdium
763 4249 834 4303 Mus.
850 4248 938 4303 Rhen.
953 4255 996 4318 35,
1013 4254 1062 4303 loa
1078 4249 1251 4320 suspicatum
1270 4269 1331 4308 esse
1349 4254 1395 4309 illi

220 4321 255 4374 de
278 4318 441 4389 Pythagora
464 4317 618 4373 narrationi
641 4317 701 4372 veri
724 4317 832 4388 aliquid
855 4321 980 4387 subesse,
1010 4338 1073 4376 eum
1101 4321 1217 4376 dubium
1248 4342 1308 4379 esso
1337 4343 1394 4380 non

220 4390 414 4519 gffiffv'effn
432 4406 505 4460 quae
524 4391 557 4445 de
577 4388 739 4446 Zalmoxide
758 4391 918 4446 Herodotus
937 4408 972 4445 ea
990 4392 1024 4447 de
1042 4391 1206 4465 Pythagora
1225 4393 1395 4466 Hermippus
