3050 5109
388 233 623 288 Luoubretionum
643 233 856 302 Euripidearum
877 236 973 304 capita
992 236 1104 290 selecta.
1266 233 1331 297 233

527 401 555 463 S.
952 401 986 464 Σ.

324 528 388 586 100
434 526 558 602 φθιτῶν
839 525 1003 603 φθιμένων

324 619 387 675 262
433 611 580 689 τί·ρέξειε
827 615 932 691 ,μεθέε
951 634 988 691 με
1008 613 1037 676 τί
1056 613 1155 693 ῥέξειε

323 706 387 764 406
434 700 535 778 πάτερ
555 702 725 779 λείπομαι
838 703 986 779 λείπομαι
1005 702 1106 782 πάτερ

324 796 388 853 446
435 790 544 868 ὀρείαν
835 791 965 869 οὐρείαν

325 885 387 943 865
435 879 543 943 ἔτεκεν
833 880 953 945 ἔτικτεν

325 975 403 1032 985·
434 967 537 1047 τόλμα
556 968 588 1032 b’
833 1014 934 1094 τόλμα
979 970 1095 1124 ndg'B

979 1080 1016 1123 το
1071 1084 1089 1123 a

253 1206 389 1266 Medeam
408 1206 622 1279 grammaticus
637 1207 689 1265 ille
704 1207 742 1265 ad
756 1208 832 1266 artis
847 1226 917 1267 suae
931 1211 1092 1283 praecepta
1105 1226 1261 1268 revocasse
1275 1228 1336 1267 non

164 1295 291 1355 videtur.
319 1295 366 1354 En
384 1298 576 1371 conspectum
595 1297 736 1373 locorum,
756 1297 808 1373 qui
826 1297 857 1355 in
876 1297 896 1354 S
915 1297 1066 1356 emendati
1084 1298 1290 1357 inveniuntur:

529 1438 556 1497 S.
746 1473 750 1480 ,
945 1437 979 1499 Σ.

325 1566 385 1622 121
435 1558 684 1638 μεταβάλλουειν
838 1560 1067 1640 μεταβάλλοντι

325 1655 387 1712 122
433 1648 542 1713 ἴεοιειν
835 1650 927 1714 iconi

326 1745 387 1803 127
434 1736 754 1817 ἢπόλιεῆφίλων.
832 1739 1007 1818 ἢφίλωνῆ
1028 1738 1121 1802 πόλι(

300 1835 383 1892 ωτι
431 1832 467 1892 cf.
486 1852 514 1907 p.
534 1834 606 1891 293.

300 1924 383 1980 1099
431 1917 533 1994 {copo
828 1916 895 1994 ὁρῶ

300 2013 385 2070 1283
431 2004 556 2082 γυναικ’
575 2005 611 2070 ἐν
826 2009 987 2082 γυναικῶν
1006 2005 1042 2069 ἐν

252 2154 293 2212 at
307 2155 379 2212 haee
394 2151 514 2228 quidem
533 2153 569 2211 de
585 2152 866 2229 interpolationibus
885 2152 1017 2211 metriois
1037 2151 1118 2211 dieta
1137 2152 1211 2229 sint3
1229 2156 1333 2212 tenen·

164 2245 235 2302 dum
254 2245 301 2309 est
319 2245 421 2301 autem
440 2241 508 2300 hino
528 2242 564 2300 de
578 2242 860 2318 interpolationibus
875 2260 951 2319 quae
966 2260 1087 2301 sensum
1102 2245 1246 2317 spectent,
1265 2261 1335 2301 non-

158 2333 235 2390 'dum
261 2331 420 2410 quicquam
445 2331 580 2391 oonoludi
604 2351 701 2407 posse.
746 2331 909 2391 Videamus
935 2349 1013 2390 nuno
1044 2332 1144 2407 qualia
1171 2331 1231 2390 sint
1258 2350 1335 2408 quae

164 2421 290 2480 alterius
308 2421 398 2479 huius
416 2422 535 2496 generis
555 2422 692 2496 exempla
707 2421 865 2497 proposuit
878 2420 1081 2479 Kirehhoffiue
1101 2413 1163 2498 (1.1.
1178 2440 1206 2496 p.
1218 2423 1259 2480 34
1271 2416 1334 2498 ss).

208 2510 286 2571 Med.
298 2511 360 2569 257
408 2505 480 2583 οὐχὶ
499 2510 634 2583 ευγγενῆ
655 2508 680 2568 Σ
700 2529 722 2570 c.
743 2511 834 2570 schol.
854 2510 923 2570 Vat.
942 2509 1010 2569 Por.
1025 2511 1093 2569 Ars.
1112 2530 1140 2585 p.
1152 2511 1202 2586 25,
1222 2505 1334 2569 4αὐδὲ

164 2600 299 2673 ευγγενῆ
330 2598 360 2659 S.
386 2593 458 2672 οὐχί
487 2599 519 2657 in
546 2594 585 2659 οὐ
613 2600 815 2675 decurtatum,
844 2599 912 2659 dein
937 2599 992 2657 hoo
1020 2600 1051 2657 in
1080 2594 1156 2659 οὐδέ
1184 2601 1335 2658 mutatum

165 2689 318 2748 existimat
331 2687 547 2767 Kirohboffius3
566 2688 645 2764 quod
659 2691 761 2747 tamen
778 2689 899 2748 minime
913 2690 1041 2763 eertum3
1061 2688 1126 2765 quis
1146 2688 1225 2747 enim
1243 2708 1334 2765 nega-

164 2780 243 2838 verit
260 2779 394 2857 potuisse
413 2797 494 2836 mero
515 2797 615 2837 errore
634 2773 707 2852 οὐχί
726 2781 756 2838 et
775 2774 851 2838 οὐδέ
872 2777 1032 2837 confundi?

299 2921 361 2980 545
395 2920 529 2980 τοιαῦτα
547 2917 605 2993 μέν
624 2936 671 2980 τοι
690 2919 756 2981 τῶν
776 2916 862 2995 ἐμῶν
882 2915 994 2981 πόνων
1013 2918 1086 2995 πέρι
1107 2915 1201 2983 ἔλεξα

256 3042 378 3122 μέντοι]
399 3044 425 3105 Σ
444 3042 501 3119 μέν
521 3062 568 3106 (οι
587 3045 615 3105 S.
653 3045 685 3104 si
704 3046 779 3106 talia
803 3066 838 3105 ex
856 3046 1086 3121 interpolatione
1110 3050 1177 3105 orta
1200 3046 1335 3123 dicimus,

164 3154 241 3212 quae
264 3136 313 3195 vel
331 3135 420 3195 inviti
443 3137 563 3194 mutant
585 3135 715 3209 librarii,
739 3136 816 3195 dabo
835 3136 965 3196 fortasse
987 3137 1016 3196 h.
1031 3136 1050 3194 l.
1073 3136 1335 3211 interpolationem

165 3225 260 3284 statui
277 3243 373 3300 posse.
402 3224 461 3284 Sed
479 3224 679 3296 exeiusmodi
697 3225 834 3285 minutiis
854 3224 960 3301 ecquid
978 3225 1049 3286 lieet
1062 3228 1196 3285 statuere
1211 3226 1248 3285 de
1261 3227 1334 3285 loeis

164 3333 233 3373 vere
252 3313 417 3391 gravibus?

300 3439 363 3498 575
410 3434 535 3513 χοῦτωε
554 3433 594 3499 ἂν
613 3434 671 3499 οὐκ
689 3436 729 3515 ἦν
749 3434 846 3498 οὐδὲν
865 3425 1047 3513 ἀνθρώποις
1066 3427 1165 3500 κακόν

255 3540 380 3619 χοῦτω(
399 3540 451 3621 ἂν]
482 3541 629 3606 Σοῦτω(
653 3540 687 3605 δ’
705 3540 745 3606 ἄν
764 3546 793 3606 S.
831 3547 966 3622 Utraque
993 3547 1082 3606 lectio
1108 3548 1199 3621 bona3
1227 3551 1336 3606 neutra

165 3638 274 3694 neutra
293 3635 482 3712 exquisitior3
501 3636 573 3713 quid
592 3638 640 3695 est
657 3636 752 3713 igitur
770 3636 850 3712 quod
864 3636 1103 3710 interpolationis
1119 3636 1139 3694 S
1158 3635 1335 3695 accusetur?

300 3779 364 3837 703
410 3774 595 3851 ευγγνωετὰ
613 3772 674 3852 γάρ
693 3772 766 3860 (sio)
785 3775 825 3854 ῆν
844 3795 877 3838 τε
898 3777 1071 3855 λυπεῑεθαι,
1090 3774 1184 3849 γύναι

255 3901 303 3962 Sia
323 3900 348 3960 Σ
367 3905 472 3962 ruente
491 3908 601 3994 metrop
622 3898 806 3975 (αγγνωετὰ
820 3900 878 3975 μὲν
892 3898 953 3977 γάρ
968 3902 997 3961 S.
1024 3902 1216 3962 Hermannus
1230 3923 1335 3963 verum

167 3991 323 4051 delituisse
343 3992 494 4051 existimat
514 3994 546 4051 in
565 3993 595 4051 8¹
612 3993 739 4052 lectione
758 3992 895 4068 quamvis
919 3995 1059 4067 corrupta
1089 3993 1337 4068 seribendumque

256 4124 261 4132 '
379 4112 563 4189 ευγγνωετὰ
582 4115 639 4191 μὲν
657 4111 716 4192 τᾶρ
730 4115 771 4192 ἦν
785 4133 818 4177 τε
831 4116 1005 4194 innocent,
1024 4112 1131 4194 γύναι;

166 4241 250 4301 ouius
269 4242 407 4302 lectionis
430 4242 496 4302 leve
519 4242 648 4301 fortasse
670 4241 812 4301 indicium
831 4246 878 4302 est
901 4241 978 4300 illud
996 4235 1057 4315 γάρ
1080 4260 1136 4317 pro
1158 4236 1233 4316 γὰρ,
1257 4242 1337 4317 quod

168 4330 321 4391 invenitur
337 4332 370 4390 in
390 4329 426 4390 Σ.
457 4331 515 4391 Sed
535 4330 678 4407 quidquid
702 4331 810 4391 idest:
830 4332 989 4405 lectionem
1013 4331 1051 4389 ab
1071 4331 1246 4390 Hermanno
1267 4349 1336 4406 pro·

169 4419 299 4496 positam
318 4440 372 4496 per
391 4439 423 4481 se
442 4421 580 4480 omnibus
599 4421 731 4480 numeris
750 4439 816 4480 esse
835 4421 1004 4481 absolutam
1021 4439 1108 4480 nemo
1126 4420 1262 4495 negabit:
1285 4420 1338 4477 im-
