<?xml version="1.0" encoding="UTF-8"?>
<!DOCTYPE html PUBLIC "-//W3C//DTD XHTML 1.0 Transitional//EN"
    "http://www.w3.org/TR/xhtml1/DTD/xhtml1-transitional.dtd">
<html xmlns="http://www.w3.org/1999/xhtml" xml:lang="en" lang="en">
 <head>
  <title>
</title>
<meta http-equiv="Content-Type" content="text/html;charset=utf-8" />
  <meta name='ocr-system' content='tesseract 3.04.00' />
  <meta name='ocr-capabilities' content='ocr_page ocr_carea ocr_par ocr_line ocrx_word'/>
</head>
<body>
  <div class='ocr_page' id='page_1' title='image "./lucubrationumeu00bruhgoog_0036.png"; bbox 0 0 3050 5109; ppageno 0'>
   <div class='ocr_carea' id='block_1_1' title="bbox 225 252 934 320">
    <p class='ocr_par' dir='ltr' id='par_1_1' title="bbox 225 252 934 320">
     <span class='ocr_line' id='line_1_1' title="bbox 225 252 934 320; baseline -0.017 0"><span class='ocrx_word' id='word_1_1' title='bbox 225 256 290 320; x_wconf 76' lang='lat'>256</span> <span class='ocrx_word' id='word_1_2' title='bbox 687 252 810 308; x_wconf 79' lang='lat' dir='ltr'>Evaldus</span> <span class='ocrx_word' id='word_1_3' title='bbox 827 252 934 308; x_wconf 87' lang='lat' dir='ltr'>Bruhn:</span> 
     </span>
    </p>
   </div>
   <div class='ocr_carea' id='block_1_2' title="bbox 224 420 1505 2721">
    <p class='ocr_par' dir='ltr' id='par_1_2' title="bbox 224 420 1418 1373">
     <span class='ocr_line' id='line_1_2' title="bbox 224 420 1418 498; baseline -0.003 -14"><span class='ocrx_word' id='word_1_4' title='bbox 224 424 428 484; x_wconf 75' lang='lat' dir='ltr'><strong>Laurentiano</strong></span> <span class='ocrx_word' id='word_1_5' title='bbox 446 420 574 480; x_wconf 89' lang='lat' dir='ltr'>fideliter</span> <span class='ocrx_word' id='word_1_6' title='bbox 593 420 613 480; x_wconf 81' lang='lat' dir='ltr'>S</span> <span class='ocrx_word' id='word_1_7' title='bbox 636 425 927 497; x_wconf 77' lang='lat' dir='ltr'>repraesentaretur,</span> <span class='ocrx_word' id='word_1_8' title='bbox 950 425 985 480; x_wconf 92' lang='lat' dir='ltr'>ut</span> <span class='ocrx_word' id='word_1_9' title='bbox 1008 423 1195 481; x_wconf 90' lang='lat' dir='ltr'>abiciendum</span> <span class='ocrx_word' id='word_1_10' title='bbox 1214 424 1294 481; x_wconf 89' lang='lat' dir='ltr'>esset</span> <span class='ocrx_word' id='word_1_11' title='bbox 1311 422 1418 498; x_wconf 89' lang='lat' dir='ltr'>quid-</span> 
     </span>
     <span class='ocr_line' id='line_1_3' title="bbox 225 510 1418 590; baseline -0.002 -18"><span class='ocrx_word' id='word_1_12' title='bbox 225 514 297 590; x_wconf 85' lang='lat' dir='ltr'><strong>quid</strong></span> <span class='ocrx_word' id='word_1_13' title='bbox 320 531 338 570; x_wconf 92' lang='lat' dir='ltr'>a</span> <span class='ocrx_word' id='word_1_14' title='bbox 362 510 564 570; x_wconf 78' lang='lat' dir='ltr'>Laurentiano</span> <span class='ocrx_word' id='word_1_15' title='bbox 588 510 768 570; x_wconf 70' lang='lat' dir='ltr'>dissentiens</span> <span class='ocrx_word' id='word_1_16' title='bbox 790 511 949 587; x_wconf 80' lang='lat' dir='ltr'>praeberet</span> <span class='ocrx_word' id='word_1_17' title='bbox 971 510 1135 571; x_wconf 87' lang='lat' dir='ltr'>Palatinus.</span> <span class='ocrx_word' id='word_1_18' title='bbox 1172 512 1271 570; x_wconf 87' lang='lat' dir='ltr'>Aliter</span> <span class='ocrx_word' id='word_1_19' title='bbox 1298 530 1331 570; x_wconf 89' lang='lat' dir='ltr'>se</span> <span class='ocrx_word' id='word_1_20' title='bbox 1366 513 1418 570; x_wconf 88' lang='lat' dir='ltr'>de</span> 
     </span>
     <span class='ocr_line' id='line_1_4' title="bbox 224 599 1416 677; baseline -0.003 -15"><span class='ocrx_word' id='word_1_21' title='bbox 224 604 271 662; x_wconf 91' lang='lat' dir='ltr'>his</span> <span class='ocrx_word' id='word_1_22' title='bbox 290 602 381 661; x_wconf 90' lang='lat' dir='ltr'>rebus</span> <span class='ocrx_word' id='word_1_23' title='bbox 399 599 531 659; x_wconf 90' lang='lat' dir='ltr'>iudicare</span> <span class='ocrx_word' id='word_1_24' title='bbox 549 618 609 658; x_wconf 92' lang='lat' dir='ltr'>non</span> <span class='ocrx_word' id='word_1_25' title='bbox 627 603 691 659; x_wconf 87' lang='lat' dir='ltr'>tarn</span> <span class='ocrx_word' id='word_1_26' title='bbox 709 600 785 658; x_wconf 81' lang='lat' dir='ltr'>dixit</span> <span class='ocrx_word' id='word_1_27' title='bbox 803 619 892 674; x_wconf 89' lang='lat' dir='ltr'>quam</span> <span class='ocrx_word' id='word_1_28' title='bbox 915 599 1096 677; x_wconf 84' lang='lat' dir='ltr'>significavit</span> <span class='ocrx_word' id='word_1_29' title='bbox 1113 599 1289 676; x_wconf 72' lang='lat' dir='ltr'>liudolphus</span> <span class='ocrx_word' id='word_1_30' title='bbox 1308 600 1416 658; x_wconf 88' lang='lat' dir='ltr'>Prinz</span> 
     </span>
     <span class='ocr_line' id='line_1_5' title="bbox 226 679 1413 771; baseline -0.002 -22"><span class='ocrx_word' id='word_1_31' title='bbox 226 689 333 771; x_wconf 85' lang='lat' dir='ltr'>(prael.</span> <span class='ocrx_word' id='word_1_32' title='bbox 353 690 428 747; x_wconf 91' lang='lat' dir='ltr'>Med.</span> <span class='ocrx_word' id='word_1_33' title='bbox 449 679 499 769; x_wconf 81' lang='lat'>9):</span> <span class='ocrx_word' id='word_1_34' title='bbox 524 688 747 748; x_wconf 86' lang='lat' dir='ltr'>Wilamowitzii</span> <span class='ocrx_word' id='word_1_35' title='bbox 770 688 848 747; x_wconf 90' lang='lat' dir='ltr'>enirn</span> <span class='ocrx_word' id='word_1_36' title='bbox 872 689 1022 748; x_wconf 89' lang='lat' dir='ltr'>sententia</span> <span class='ocrx_word' id='word_1_37' title='bbox 1045 690 1163 748; x_wconf 90' lang='lat' dir='ltr'>omniuo</span> <span class='ocrx_word' id='word_1_38' title='bbox 1187 708 1246 748; x_wconf 92' lang='lat' dir='ltr'>non</span> <span class='ocrx_word' id='word_1_39' title='bbox 1270 708 1413 748; x_wconf 88' lang='lat' dir='ltr'>comme-</span> 
     </span>
     <span class='ocr_line' id='line_1_6' title="bbox 225 769 1410 854; baseline -0.002 -15"><span class='ocrx_word' id='word_1_40' title='bbox 225 782 342 840; x_wconf 89' lang='lat' dir='ltr'>morata</span> <span class='ocrx_word' id='word_1_41' title='bbox 360 776 380 836; x_wconf 84' lang='lat' dir='ltr'>S</span> <span class='ocrx_word' id='word_1_42' title='bbox 399 777 472 837; x_wconf 90' lang='lat' dir='ltr'>dicit</span> <span class='ocrx_word' id='word_1_43' title='bbox 490 777 621 837; x_wconf 90' lang='lat' dir='ltr'>codicern</span> <span class='ocrx_word' id='word_1_44' title='bbox 642 778 838 854; x_wconf 82' lang='lat' dir='ltr'>archetypum</span> <span class='ocrx_word' id='word_1_45' title='bbox 857 769 892 835; x_wconf 69' lang='lat' dir='ltr'>Il</span> <span class='ocrx_word' id='word_1_46' title='bbox 910 781 940 837; x_wconf 90' lang='lat' dir='ltr'>et</span> <span class='ocrx_word' id='word_1_47' title='bbox 958 769 999 836; x_wconf 65' lang='lat' dir='ltr'>Pi.</span> <span class='ocrx_word' id='word_1_48' title='bbox 1030 779 1151 837; x_wconf 86' lang='lat' dir='ltr'>Reiecta</span> <span class='ocrx_word' id='word_1_49' title='bbox 1171 797 1238 837; x_wconf 87' lang='lat' dir='ltr'>eum</span> <span class='ocrx_word' id='word_1_50' title='bbox 1253 778 1410 837; x_wconf 89' lang='lat' dir='ltr'>Wilamo-</span> 
     </span>
     <span class='ocr_line' id='line_1_7' title="bbox 224 863 1409 941; baseline -0.003 -13"><span class='ocrx_word' id='word_1_51' title='bbox 224 869 314 929; x_wconf 87' lang='lat' dir='ltr'>witzii</span> <span class='ocrx_word' id='word_1_52' title='bbox 338 867 487 926; x_wconf 89' lang='lat' dir='ltr'>sententia</span> <span class='ocrx_word' id='word_1_53' title='bbox 509 866 584 925; x_wconf 89' lang='lat' dir='ltr'>nihil</span> <span class='ocrx_word' id='word_1_54' title='bbox 608 885 644 925; x_wconf 87' lang='lat' dir='ltr'>ex</span> <span class='ocrx_word' id='word_1_55' title='bbox 662 863 687 924; x_wconf 88' lang='grc' dir='ltr'>Σ</span> <span class='ocrx_word' id='word_1_56' title='bbox 707 867 738 925; x_wconf 91' lang='lat' dir='ltr'>in</span> <span class='ocrx_word' id='word_1_57' title='bbox 756 866 820 924; x_wconf 80' lang='lat' dir='ltr'>Pum</span> <span class='ocrx_word' id='word_1_58' title='bbox 837 867 1053 941; x_wconf 86' lang='lat' dir='ltr'>interpolatum</span> <span class='ocrx_word' id='word_1_59' title='bbox 1072 866 1289 927; x_wconf 84' lang='lat' dir='ltr'>existimavisse</span> <span class='ocrx_word' id='word_1_60' title='bbox 1314 870 1409 926; x_wconf 88' lang='lat' dir='ltr'>certo</span> 
     </span>
     <span class='ocr_line' id='line_1_8' title="bbox 225 953 1409 1034; baseline -0.005 -16"><span class='ocrx_word' id='word_1_61' title='bbox 225 959 361 1034; x_wconf 92' lang='lat' dir='ltr'>sequitur</span> <span class='ocrx_word' id='word_1_62' title='bbox 379 975 395 1015; x_wconf 93' lang='lat' dir='ltr'>e</span> <span class='ocrx_word' id='word_1_63' title='bbox 414 955 491 1016; x_wconf 88' lang='lat' dir='ltr'>Med.</span> <span class='ocrx_word' id='word_1_64' title='bbox 511 958 585 1031; x_wconf 85' lang='grc'>480,</span> <span class='ocrx_word' id='word_1_65' title='bbox 604 957 656 1014; x_wconf 92' lang='lat' dir='ltr'>ubi</span> <span class='ocrx_word' id='word_1_66' title='bbox 675 974 742 1014; x_wconf 88' lang='lat' dir='ltr'>curn</span> <span class='ocrx_word' id='word_1_67' title='bbox 761 953 855 1028; x_wconf 98' lang='grc' dir='ltr'>δέρος</span> <span class='ocrx_word' id='word_1_68' title='bbox 874 955 1020 1030; x_wconf 90' lang='lat' dir='ltr'>praebeat</span> <span class='ocrx_word' id='word_1_69' title='bbox 1037 955 1071 1029; x_wconf 87' lang='lat' dir='ltr'>L,</span> <span class='ocrx_word' id='word_1_70' title='bbox 1091 953 1186 1029; x_wconf 89' lang='grc' dir='ltr'>δέρας</span> <span class='ocrx_word' id='word_1_71' title='bbox 1205 955 1326 1033; x_wconf 82' lang='lat' dir='ltr'>BllaP,</span> <span class='ocrx_word' id='word_1_72' title='bbox 1347 955 1409 1013; x_wconf 86' lang='lat' dir='ltr'>ille</span> 
     </span>
     <span class='ocr_line' id='line_1_9' title="bbox 224 1042 1407 1121; baseline -0.004 -15"><span class='ocrx_word' id='word_1_73' title='bbox 224 1049 279 1106; x_wconf 93' lang='lat' dir='ltr'>hoc</span> <span class='ocrx_word' id='word_1_74' title='bbox 302 1045 422 1119; x_wconf 88' lang='lat' dir='ltr'>recepit.</span> <span class='ocrx_word' id='word_1_75' title='bbox 459 1044 572 1114; x_wconf 74' lang='lat' dir='ltr'>Quodsi</span> <span class='ocrx_word' id='word_1_76' title='bbox 595 1063 721 1121; x_wconf 85' lang='lat' dir='ltr'>usquam</span> <span class='ocrx_word' id='word_1_77' title='bbox 744 1064 760 1102; x_wconf 91' lang='lat' dir='ltr'>e</span> <span class='ocrx_word' id='word_1_78' title='bbox 781 1042 807 1102; x_wconf 98' lang='grc' dir='ltr'>Σ</span> <span class='ocrx_word' id='word_1_79' title='bbox 830 1045 1044 1120; x_wconf 87' lang='lat' dir='ltr'>interpolatum</span> <span class='ocrx_word' id='word_1_80' title='bbox 1067 1044 1131 1101; x_wconf 65' lang='grc' dir='ltr'>Ρ11111</span> <span class='ocrx_word' id='word_1_81' title='bbox 1155 1045 1407 1119; x_wconf 81' lang='lat' dir='ltr'>existimavisset,</span> 
     </span>
     <span class='ocr_line' id='line_1_10' title="bbox 224 1129 1406 1211; baseline -0.003 -17"><span class='ocrx_word' id='word_1_82' title='bbox 224 1137 328 1211; x_wconf 90' lang='lat' dir='ltr'>procul</span> <span class='ocrx_word' id='word_1_83' title='bbox 351 1133 440 1193; x_wconf 90' lang='lat' dir='ltr'>dubio</span> <span class='ocrx_word' id='word_1_84' title='bbox 459 1134 557 1193; x_wconf 90' lang='lat' dir='ltr'>rarius</span> <span class='ocrx_word' id='word_1_85' title='bbox 575 1133 651 1191; x_wconf 91' lang='lat' dir='ltr'>illud</span> <span class='ocrx_word' id='word_1_86' title='bbox 670 1129 763 1206; x_wconf 91' lang='grc' dir='ltr'>δέρος</span> <span class='ocrx_word' id='word_1_87' title='bbox 782 1133 907 1192; x_wconf 89' lang='lat' dir='ltr'>hicnon</span> <span class='ocrx_word' id='word_1_88' title='bbox 925 1134 1023 1191; x_wconf 88' lang='lat' dir='ltr'>minus</span> <span class='ocrx_word' id='word_1_89' title='bbox 1041 1134 1235 1209; x_wconf 88' lang='lat' dir='ltr'>praetulisset</span> <span class='ocrx_word' id='word_1_90' title='bbox 1256 1152 1349 1208; x_wconf 88' lang='lat' dir='ltr'>quam</span> <span class='ocrx_word' id='word_1_91' title='bbox 1370 1133 1406 1190; x_wconf 93' lang='lat' dir='ltr'>in</span> 
     </span>
     <span class='ocr_line' id='line_1_11' title="bbox 225 1221 1404 1299; baseline -0.003 -15"><span class='ocrx_word' id='word_1_92' title='bbox 225 1245 253 1287; x_wconf 88' lang='lat' dir='ltr'>v.</span> <span class='ocrx_word' id='word_1_93' title='bbox 272 1227 306 1299; x_wconf 82' lang='lat'>5,</span> <span class='ocrx_word' id='word_1_94' title='bbox 330 1223 383 1283; x_wconf 89' lang='lat' dir='ltr'>ubi</span> <span class='ocrx_word' id='word_1_95' title='bbox 405 1223 484 1282; x_wconf 92' lang='lat' dir='ltr'>idem</span> <span class='ocrx_word' id='word_1_96' title='bbox 508 1222 628 1282; x_wconf 84' lang='lat' dir='ltr'>exhibet</span> <span class='ocrx_word' id='word_1_97' title='bbox 650 1221 675 1280; x_wconf 88' lang='lat' dir='ltr'>L</span> <span class='ocrx_word' id='word_1_98' title='bbox 699 1222 820 1281; x_wconf 88' lang='lat' dir='ltr'>adiutus</span> <span class='ocrx_word' id='word_1_99' title='bbox 844 1222 895 1280; x_wconf 91' lang='lat' dir='ltr'>ille</span> <span class='ocrx_word' id='word_1_100' title='bbox 919 1223 957 1282; x_wconf 93' lang='lat' dir='ltr'>ab</span> <span class='ocrx_word' id='word_1_101' title='bbox 980 1222 1139 1281; x_wconf 85' lang='lat' dir='ltr'>Eustathio</span> <span class='ocrx_word' id='word_1_102' title='bbox 1161 1222 1193 1281; x_wconf 92' lang='lat' dir='ltr'>in</span> <span class='ocrx_word' id='word_1_103' title='bbox 1215 1222 1250 1281; x_wconf 83' lang='grc' dir='ltr'>ΙΙ.</span> <span class='ocrx_word' id='word_1_104' title='bbox 1273 1242 1303 1297; x_wconf 89' lang='lat' dir='ltr'>p.</span> <span class='ocrx_word' id='word_1_105' title='bbox 1323 1223 1404 1281; x_wconf 87' lang='lat'>600.</span> 
     </span>
     <span class='ocr_line' id='line_1_12' title="bbox 227 1311 1057 1373; baseline -0.002 -2"><span class='ocrx_word' id='word_1_106' title='bbox 227 1313 337 1373; x_wconf 80' lang='lat' dir='ltr'>Tenuit</span> <span class='ocrx_word' id='word_1_107' title='bbox 355 1314 432 1371; x_wconf 91' lang='lat' dir='ltr'>hanc</span> <span class='ocrx_word' id='word_1_108' title='bbox 451 1313 630 1370; x_wconf 86' lang='lat' dir='ltr'>seutentiam</span> <span class='ocrx_word' id='word_1_109' title='bbox 648 1312 679 1368; x_wconf 93' lang='lat' dir='ltr'>in</span> <span class='ocrx_word' id='word_1_110' title='bbox 698 1311 880 1370; x_wconf 86' lang='lat' dir='ltr'>recensenda</span> <span class='ocrx_word' id='word_1_111' title='bbox 897 1311 1057 1370; x_wconf 86' lang='lat' dir='ltr'>Alcestide.</span> 
     </span>
    </p>

    <p class='ocr_par' dir='ltr' id='par_1_3' title="bbox 225 1399 1505 2631">
     <span class='ocr_line' id='line_1_13' title="bbox 316 1399 1403 1476; baseline -0.001 -17"><span class='ocrx_word' id='word_1_112' title='bbox 316 1402 407 1461; x_wconf 84' lang='lat' dir='ltr'>Plane</span> <span class='ocrx_word' id='word_1_113' title='bbox 426 1401 520 1476; x_wconf 84' lang='lat' dir='ltr'>igitur</span> <span class='ocrx_word' id='word_1_114' title='bbox 537 1400 617 1459; x_wconf 89' lang='lat' dir='ltr'>inter</span> <span class='ocrx_word' id='word_1_115' title='bbox 636 1418 667 1458; x_wconf 89' lang='lat' dir='ltr'>se</span> <span class='ocrx_word' id='word_1_116' title='bbox 686 1400 829 1459; x_wconf 88' lang='lat' dir='ltr'>contrarii</span> <span class='ocrx_word' id='word_1_117' title='bbox 848 1403 918 1458; x_wconf 91' lang='lat' dir='ltr'>suut</span> <span class='ocrx_word' id='word_1_118' title='bbox 936 1399 1072 1458; x_wconf 89' lang='lat' dir='ltr'>Prinzius</span> <span class='ocrx_word' id='word_1_119' title='bbox 1091 1403 1122 1458; x_wconf 88' lang='lat' dir='ltr'>et</span> <span class='ocrx_word' id='word_1_120' title='bbox 1136 1399 1403 1476; x_wconf 82' lang='lat' dir='ltr'>Wilamowitzius3</span> 
     </span>
     <span class='ocr_line' id='line_1_14' title="bbox 226 1486 1404 1566; baseline -0.003 -15"><span class='ocrx_word' id='word_1_121' title='bbox 226 1491 274 1551; x_wconf 88' lang='lat' dir='ltr'>hic</span> <span class='ocrx_word' id='word_1_122' title='bbox 292 1490 516 1566; x_wconf 89' lang='lat' dir='ltr'>interpolatum,</span> <span class='ocrx_word' id='word_1_123' title='bbox 535 1489 587 1547; x_wconf 91' lang='lat' dir='ltr'>ille</span> <span class='ocrx_word' id='word_1_124' title='bbox 601 1508 662 1548; x_wconf 92' lang='lat' dir='ltr'>non</span> <span class='ocrx_word' id='word_1_125' title='bbox 674 1490 889 1564; x_wconf 88' lang='lat' dir='ltr'>interpolatum</span> <span class='ocrx_word' id='word_1_126' title='bbox 902 1488 967 1546; x_wconf 80' lang='lat' dir='ltr'>pum</span> <span class='ocrx_word' id='word_1_127' title='bbox 981 1508 1017 1548; x_wconf 89' lang='lat' dir='ltr'>ex</span> <span class='ocrx_word' id='word_1_128' title='bbox 1032 1486 1057 1547; x_wconf 98' lang='grc' dir='ltr'>Σ</span> <span class='ocrx_word' id='word_1_129' title='bbox 1072 1488 1157 1565; x_wconf 82' lang='lat' dir='ltr'>dicit3</span> <span class='ocrx_word' id='word_1_130' title='bbox 1177 1488 1224 1547; x_wconf 92' lang='lat' dir='ltr'>hic</span> <span class='ocrx_word' id='word_1_131' title='bbox 1239 1488 1404 1564; x_wconf 90' lang='lat' dir='ltr'>siquando</span> 
     </span>
     <span class='ocr_line' id='line_1_15' title="bbox 226 1575 1404 1654; baseline -0.003 -16"><span class='ocrx_word' id='word_1_132' title='bbox 226 1599 244 1639; x_wconf 92' lang='lat' dir='ltr'>a</span> <span class='ocrx_word' id='word_1_133' title='bbox 263 1579 302 1637; x_wconf 91' lang='lat' dir='ltr'>L⁰</span> <span class='ocrx_word' id='word_1_134' title='bbox 322 1579 493 1653; x_wconf 84' lang='lat' dir='ltr'>discrepans</span> <span class='ocrx_word' id='word_1_135' title='bbox 518 1578 541 1635; x_wconf 93' lang='lat' dir='ltr'>P</span> <span class='ocrx_word' id='word_1_136' title='bbox 564 1577 638 1637; x_wconf 86' lang='lat' dir='ltr'>facit</span> <span class='ocrx_word' id='word_1_137' title='bbox 660 1597 728 1637; x_wconf 91' lang='lat' dir='ltr'>cum</span> <span class='ocrx_word' id='word_1_138' title='bbox 751 1575 790 1654; x_wconf 94' lang='grc' dir='ltr'>Σ,</span> <span class='ocrx_word' id='word_1_139' title='bbox 814 1598 830 1637; x_wconf 92' lang='lat' dir='ltr'>e</span> <span class='ocrx_word' id='word_1_140' title='bbox 853 1578 929 1637; x_wconf 88' lang='lat' dir='ltr'>libro</span> <span class='ocrx_word' id='word_1_141' title='bbox 953 1578 1053 1653; x_wconf 90' lang='lat' dir='ltr'>aliquo</span> <span class='ocrx_word' id='word_1_142' title='bbox 1076 1578 1156 1637; x_wconf 89' lang='lat' dir='ltr'>illius</span> <span class='ocrx_word' id='word_1_143' title='bbox 1180 1576 1313 1636; x_wconf 88' lang='lat' dir='ltr'>familiae</span> <span class='ocrx_word' id='word_1_144' title='bbox 1332 1596 1404 1636; x_wconf 91' lang='lat' dir='ltr'>eam</span> 
     </span>
     <span class='ocr_line' id='line_1_16' title="bbox 227 1658 1404 1743; baseline -0.003 -15"><span class='ocrx_word' id='word_1_145' title='bbox 227 1667 385 1729; x_wconf 88' lang='lat' dir='ltr'>lectionem</span> <span class='ocrx_word' id='word_1_146' title='bbox 399 1669 566 1743; x_wconf 86' lang='lat' dir='ltr'>deductam,</span> <span class='ocrx_word' id='word_1_147' title='bbox 584 1667 635 1726; x_wconf 94' lang='lat' dir='ltr'>ille</span> <span class='ocrx_word' id='word_1_148' title='bbox 650 1686 669 1725; x_wconf 90' lang='lat' dir='ltr'>a</span> <span class='ocrx_word' id='word_1_149' title='bbox 682 1666 722 1725; x_wconf 83' lang='lat' dir='ltr'>P⁰</span> <span class='ocrx_word' id='word_1_150' title='bbox 735 1667 897 1743; x_wconf 86' lang='lat' dir='ltr'>genuinam</span> <span class='ocrx_word' id='word_1_151' title='bbox 911 1658 941 1724; x_wconf 84' lang='lat' dir='ltr'>Si</span> <span class='ocrx_word' id='word_1_152' title='bbox 954 1667 1111 1725; x_wconf 91' lang='lat' dir='ltr'>lectionem</span> <span class='ocrx_word' id='word_1_153' title='bbox 1130 1669 1289 1742; x_wconf 86' lang='lat' dir='ltr'>servatam,</span> <span class='ocrx_word' id='word_1_154' title='bbox 1307 1668 1404 1724; x_wconf 88' lang='lat' dir='ltr'>inter-</span> 
     </span>
     <span class='ocr_line' id='line_1_17' title="bbox 228 1755 1403 1834; baseline -0.003 -18"><span class='ocrx_word' id='word_1_155' title='bbox 228 1758 357 1834; x_wconf 92' lang='lat' dir='ltr'>polando</span> <span class='ocrx_word' id='word_1_156' title='bbox 377 1757 550 1815; x_wconf 78' lang='lat' dir='ltr'>obturatam</span> <span class='ocrx_word' id='word_1_157' title='bbox 568 1755 640 1814; x_wconf 88' lang='lat' dir='ltr'>aL⁰</span> <span class='ocrx_word' id='word_1_158' title='bbox 654 1759 764 1814; x_wconf 88' lang='lat' dir='ltr'>censet.</span> <span class='ocrx_word' id='word_1_159' title='bbox 797 1756 873 1815; x_wconf 90' lang='lat' dir='ltr'>Mihi</span> <span class='ocrx_word' id='word_1_160' title='bbox 891 1775 959 1815; x_wconf 86' lang='lat' dir='ltr'>cum</span> <span class='ocrx_word' id='word_1_161' title='bbox 977 1755 1151 1831; x_wconf 79' lang='lat' dir='ltr'>diligentius</span> <span class='ocrx_word' id='word_1_162' title='bbox 1170 1756 1201 1813; x_wconf 93' lang='lat' dir='ltr'>in</span> <span class='ocrx_word' id='word_1_163' title='bbox 1219 1775 1283 1813; x_wconf 88' lang='lat' dir='ltr'>rem</span> <span class='ocrx_word' id='word_1_164' title='bbox 1300 1755 1403 1830; x_wconf 88' lang='lat' dir='ltr'>inqui-</span> 
     </span>
     <span class='ocr_line' id='line_1_18' title="bbox 226 1835 1403 1923; baseline -0.003 -18"><span class='ocrx_word' id='word_1_165' title='bbox 226 1866 293 1906; x_wconf 92' lang='lat' dir='ltr'>rere</span> <span class='ocrx_word' id='word_1_166' title='bbox 317 1850 398 1906; x_wconf 87' lang='lat' dir='ltr'>esset</span> <span class='ocrx_word' id='word_1_167' title='bbox 420 1846 452 1903; x_wconf 87' lang='lat' dir='ltr'>in</span> <span class='ocrx_word' id='word_1_168' title='bbox 475 1846 574 1904; x_wconf 90' lang='lat' dir='ltr'>animo</span> <span class='ocrx_word' id='word_1_169' title='bbox 598 1835 745 1923; x_wconf 86' lang='lat' dir='ltr'>(virorum</span> <span class='ocrx_word' id='word_1_170' title='bbox 772 1845 851 1903; x_wconf 89' lang='lat' dir='ltr'>enim</span> <span class='ocrx_word' id='word_1_171' title='bbox 880 1845 1035 1904; x_wconf 90' lang='lat' dir='ltr'>doctorum</span> <span class='ocrx_word' id='word_1_172' title='bbox 1063 1848 1189 1919; x_wconf 90' lang='lat' dir='ltr'>uterquc</span> <span class='ocrx_word' id='word_1_173' title='bbox 1216 1844 1253 1902; x_wconf 87' lang='lat' dir='ltr'>de</span> <span class='ocrx_word' id='word_1_174' title='bbox 1280 1843 1403 1919; x_wconf 88' lang='lat' dir='ltr'>tripode</span> 
     </span>
     <span class='ocr_line' id='line_1_19' title="bbox 225 1927 1401 2014; baseline -0.004 -19"><span class='ocrx_word' id='word_1_175' title='bbox 225 1937 343 1996; x_wconf 88' lang='lat' dir='ltr'>locutus</span> <span class='ocrx_word' id='word_1_176' title='bbox 364 1927 433 2014; x_wconf 88' lang='lat' dir='ltr'>est),</span> <span class='ocrx_word' id='word_1_177' title='bbox 451 1933 563 2009; x_wconf 82' lang='lat' dir='ltr'>insigni</span> <span class='ocrx_word' id='word_1_178' title='bbox 580 1933 763 1993; x_wconf 89' lang='lat' dir='ltr'>liberalitate</span> <span class='ocrx_word' id='word_1_179' title='bbox 782 1934 927 1993; x_wconf 89' lang='lat' dir='ltr'>concessit</span> <span class='ocrx_word' id='word_1_180' title='bbox 946 1933 1206 2010; x_wconf 85' lang='lat' dir='ltr'>Wilamowitzius,</span> <span class='ocrx_word' id='word_1_181' title='bbox 1228 1936 1275 2009; x_wconf 94' lang='lat' dir='ltr'>ut,</span> <span class='ocrx_word' id='word_1_182' title='bbox 1295 1952 1401 2008; x_wconf 86' lang='lat' dir='ltr'>quam-</span> 
     </span>
     <span class='ocr_line' id='line_1_20' title="bbox 228 2013 1400 2100; baseline -0.003 -17"><span class='ocrx_word' id='word_1_183' title='bbox 228 2025 280 2083; x_wconf 90' lang='lat' dir='ltr'>diu</span> <span class='ocrx_word' id='word_1_184' title='bbox 299 2043 373 2100; x_wconf 90' lang='lat' dir='ltr'>opus</span> <span class='ocrx_word' id='word_1_185' title='bbox 392 2027 482 2095; x_wconf 89' lang='lat' dir='ltr'>esset,</span> <span class='ocrx_word' id='word_1_186' title='bbox 501 2025 602 2081; x_wconf 89' lang='lat' dir='ltr'>uterer</span> <span class='ocrx_word' id='word_1_187' title='bbox 621 2023 789 2082; x_wconf 88' lang='lat' dir='ltr'>conlatione</span> <span class='ocrx_word' id='word_1_188' title='bbox 807 2024 940 2082; x_wconf 88' lang='lat' dir='ltr'>codicum</span> <span class='ocrx_word' id='word_1_189' title='bbox 959 2013 993 2079; x_wconf 74' lang='lat' dir='ltr'>Li</span> <span class='ocrx_word' id='word_1_190' title='bbox 1012 2025 1044 2079; x_wconf 91' lang='lat' dir='ltr'>et</span> <span class='ocrx_word' id='word_1_191' title='bbox 1061 2013 1095 2080; x_wconf 89' lang='lat' dir='ltr'>Pi</span> <span class='ocrx_word' id='word_1_192' title='bbox 1109 2022 1147 2080; x_wconf 92' lang='lat' dir='ltr'>ab</span> <span class='ocrx_word' id='word_1_193' title='bbox 1165 2021 1231 2096; x_wconf 88' lang='lat' dir='ltr'>ipso</span> <span class='ocrx_word' id='word_1_194' title='bbox 1250 2022 1400 2080; x_wconf 89' lang='lat' dir='ltr'>instituta.</span> 
     </span>
     <span class='ocr_line' id='line_1_21' title="bbox 226 2109 1401 2186; baseline -0.004 -15"><span class='ocrx_word' id='word_1_195' title='bbox 226 2114 439 2173; x_wconf 90' lang='lat' dir='ltr'>Demonstrare</span> <span class='ocrx_word' id='word_1_196' title='bbox 459 2116 560 2171; x_wconf 88' lang='lat' dir='ltr'>autem</span> <span class='ocrx_word' id='word_1_197' title='bbox 579 2112 708 2170; x_wconf 89' lang='lat' dir='ltr'>conabor</span> <span class='ocrx_word' id='word_1_198' title='bbox 725 2132 785 2171; x_wconf 90' lang='lat' dir='ltr'>non</span> <span class='ocrx_word' id='word_1_199' title='bbox 804 2131 904 2171; x_wconf 88' lang='lat' dir='ltr'>carere</span> <span class='ocrx_word' id='word_1_200' title='bbox 919 2110 1038 2170; x_wconf 89' lang='lat' dir='ltr'>omnino</span> <span class='ocrx_word' id='word_1_201' title='bbox 1052 2129 1149 2186; x_wconf 87' lang='lat' dir='ltr'>neque</span> <span class='ocrx_word' id='word_1_202' title='bbox 1162 2109 1401 2186; x_wconf 87' lang='lat' dir='ltr'>interpolationi-</span> 
     </span>
     <span class='ocr_line' id='line_1_22' title="bbox 228 2199 1400 2278; baseline -0.005 -17"><span class='ocrx_word' id='word_1_203' title='bbox 228 2204 284 2261; x_wconf 91' lang='lat' dir='ltr'>bus</span> <span class='ocrx_word' id='word_1_204' title='bbox 302 2204 340 2261; x_wconf 92' lang='lat' dir='ltr'>ab</span> <span class='ocrx_word' id='word_1_205' title='bbox 354 2201 420 2278; x_wconf 90' lang='lat' dir='ltr'>ipso</span> <span class='ocrx_word' id='word_1_206' title='bbox 434 2201 558 2259; x_wconf 88' lang='lat' dir='ltr'>librario</span> <span class='ocrx_word' id='word_1_207' title='bbox 572 2201 713 2276; x_wconf 90' lang='lat' dir='ltr'>profectis</span> <span class='ocrx_word' id='word_1_208' title='bbox 728 2200 793 2257; x_wconf 79' lang='lat' dir='ltr'>L¹¹¹¹¹</span> <span class='ocrx_word' id='word_1_209' title='bbox 806 2221 901 2276; x_wconf 92' lang='lat' dir='ltr'>neque</span> <span class='ocrx_word' id='word_1_210' title='bbox 920 2200 1097 2259; x_wconf 88' lang='lat' dir='ltr'>lectionibus</span> <span class='ocrx_word' id='word_1_211' title='bbox 1116 2219 1152 2259; x_wconf 81' lang='lat' dir='ltr'>er</span> <span class='ocrx_word' id='word_1_212' title='bbox 1171 2200 1268 2258; x_wconf 90' lang='lat' dir='ltr'>altera</span> <span class='ocrx_word' id='word_1_213' title='bbox 1285 2199 1400 2257; x_wconf 89' lang='lat' dir='ltr'>familia</span> 
     </span>
     <span class='ocr_line' id='line_1_23' title="bbox 228 2283 1505 2378; baseline -0.004 -28"><span class='ocrx_word' id='word_1_214' title='bbox 228 2291 364 2366; x_wconf 86' lang='lat' dir='ltr'>repetitis</span> <span class='ocrx_word' id='word_1_215' title='bbox 383 2290 459 2365; x_wconf 55' lang='grc' dir='ltr'>ΡΜ,</span> <span class='ocrx_word' id='word_1_216' title='bbox 483 2289 590 2348; x_wconf 87' lang='lat' dir='ltr'>deinde</span> <span class='ocrx_word' id='word_1_217' title='bbox 613 2290 650 2347; x_wconf 89' lang='lat' dir='ltr'>de</span> <span class='ocrx_word' id='word_1_218' title='bbox 672 2290 918 2364; x_wconf 85' lang='lat' dir='ltr'>interpolatione,</span> <span class='ocrx_word' id='word_1_219' title='bbox 944 2308 1034 2365; x_wconf 90' lang='lat' dir='ltr'>quarn</span> <span class='ocrx_word' id='word_1_220' title='bbox 1056 2289 1087 2346; x_wconf 93' lang='lat' dir='ltr'>in</span> <span class='ocrx_word' id='word_1_221' title='bbox 1106 2288 1315 2346; x_wconf 87' lang='lat' dir='ltr'>Andromacha</span> <span class='ocrx_word' id='word_1_222' title='bbox 1338 2307 1354 2345; x_wconf 90' lang='lat' dir='ltr'>e</span> <span class='ocrx_word' id='word_1_223' title='bbox 1373 2283 1398 2344; x_wconf 98' lang='grc' dir='ltr'>Σ</span> <span class='ocrx_word' id='word_1_224' title='bbox 1504 2349 1505 2378; x_wconf 57' lang='grc'>,</span> 
     </span>
     <span class='ocr_line' id='line_1_24' title="bbox 229 2376 1505 2457; baseline -0.003 -18"><span class='ocrx_word' id='word_1_225' title='bbox 229 2397 387 2457; x_wconf 88' lang='lat' dir='ltr'>perpessus</span> <span class='ocrx_word' id='word_1_226' title='bbox 404 2382 450 2438; x_wconf 89' lang='lat' dir='ltr'>est</span> <span class='ocrx_word' id='word_1_227' title='bbox 464 2377 496 2454; x_wconf 92' lang='lat' dir='ltr'>P,</span> <span class='ocrx_word' id='word_1_228' title='bbox 516 2378 662 2454; x_wconf 89' lang='lat' dir='ltr'>quaedam</span> <span class='ocrx_word' id='word_1_229' title='bbox 681 2378 835 2437; x_wconf 89' lang='lat' dir='ltr'>disseram.</span> <span class='ocrx_word' id='word_1_230' title='bbox 868 2377 1006 2438; x_wconf 83' lang='lat' dir='ltr'>Ceterum</span> <span class='ocrx_word' id='word_1_231' title='bbox 1027 2378 1244 2436; x_wconf 88' lang='lat' dir='ltr'>conlationibus</span> <span class='ocrx_word' id='word_1_232' title='bbox 1258 2376 1398 2435; x_wconf 91' lang='lat' dir='ltr'>Wilamc-</span> <span class='ocrx_word' id='word_1_233' title='bbox 1504 2381 1505 2384; x_wconf 73' lang='grc'>’</span> 
     </span>
     <span class='ocr_line' id='line_1_25' title="bbox 231 2465 1399 2543; baseline -0.005 -15"><span class='ocrx_word' id='word_1_234' title='bbox 231 2468 320 2528; x_wconf 89' lang='lat' dir='ltr'>witzii</span> <span class='ocrx_word' id='word_1_235' title='bbox 335 2471 365 2527; x_wconf 92' lang='lat' dir='ltr'>et</span> <span class='ocrx_word' id='word_1_236' title='bbox 378 2467 489 2525; x_wconf 83' lang='lat' dir='ltr'>Prinaii</span> <span class='ocrx_word' id='word_1_237' title='bbox 502 2468 546 2526; x_wconf 89' lang='lat' dir='ltr'>ita</span> <span class='ocrx_word' id='word_1_238' title='bbox 560 2470 636 2540; x_wconf 89' lang='lat' dir='ltr'>utar,</span> <span class='ocrx_word' id='word_1_239' title='bbox 652 2469 686 2524; x_wconf 92' lang='lat' dir='ltr'>ut</span> <span class='ocrx_word' id='word_1_240' title='bbox 700 2467 856 2543; x_wconf 89' lang='lat' dir='ltr'>siquando</span> <span class='ocrx_word' id='word_1_241' title='bbox 871 2468 994 2527; x_wconf 90' lang='lat' dir='ltr'>alterius</span> <span class='ocrx_word' id='word_1_242' title='bbox 1010 2466 1129 2525; x_wconf 91' lang='lat' dir='ltr'>silentio</span> <span class='ocrx_word' id='word_1_243' title='bbox 1144 2467 1252 2526; x_wconf 90' lang='lat' dir='ltr'>erroris</span> <span class='ocrx_word' id='word_1_244' title='bbox 1266 2465 1399 2524; x_wconf 89' lang='lat' dir='ltr'>accusari</span> 
     </span>
     <span class='ocr_line' id='line_1_26' title="bbox 229 2555 1331 2631; baseline -0.005 -13"><span class='ocrx_word' id='word_1_245' title='bbox 229 2559 368 2619; x_wconf 86' lang='lat' dir='ltr'>videatur</span> <span class='ocrx_word' id='word_1_246' title='bbox 386 2558 471 2629; x_wconf 89' lang='lat' dir='ltr'>alter,</span> <span class='ocrx_word' id='word_1_247' title='bbox 492 2557 519 2614; x_wconf 89' lang='lat' dir='ltr'>ei</span> <span class='ocrx_word' id='word_1_248' title='bbox 538 2557 657 2614; x_wconf 87' lang='lat' dir='ltr'>credam</span> <span class='ocrx_word' id='word_1_249' title='bbox 677 2555 728 2631; x_wconf 91' lang='lat' dir='ltr'>qui</span> <span class='ocrx_word' id='word_1_250' title='bbox 746 2557 858 2615; x_wconf 89' lang='lat' dir='ltr'>diserte</span> <span class='ocrx_word' id='word_1_251' title='bbox 877 2557 1001 2615; x_wconf 90' lang='lat' dir='ltr'>adnotet</span> <span class='ocrx_word' id='word_1_252' title='bbox 1018 2555 1125 2615; x_wconf 90' lang='lat' dir='ltr'>codicis</span> <span class='ocrx_word' id='word_1_253' title='bbox 1144 2556 1331 2631; x_wconf 83' lang='lat' dir='ltr'>scripturam.</span> 
     </span>
    </p>

    <p class='ocr_par' dir='ltr' id='par_1_4' title="bbox 318 2643 1398 2721">
     <span class='ocr_line' id='line_1_27' title="bbox 318 2643 1398 2721; baseline -0.004 -17"><span class='ocrx_word' id='word_1_254' title='bbox 318 2646 454 2705; x_wconf 89' lang='lat' dir='ltr'>Primum</span> <span class='ocrx_word' id='word_1_255' title='bbox 467 2645 562 2721; x_wconf 82' lang='lat' dir='ltr'>igitur</span> <span class='ocrx_word' id='word_1_256' title='bbox 576 2644 705 2703; x_wconf 87' lang='lat' dir='ltr'>inveniri</span> <span class='ocrx_word' id='word_1_257' title='bbox 718 2645 750 2702; x_wconf 95' lang='lat' dir='ltr'>in</span> <span class='ocrx_word' id='word_1_258' title='bbox 764 2645 813 2718; x_wconf 84' lang='lat' dir='ltr'>L0,</span> <span class='ocrx_word' id='word_1_259' title='bbox 827 2664 903 2721; x_wconf 88' lang='lat' dir='ltr'>quae</span> <span class='ocrx_word' id='word_1_260' title='bbox 918 2645 983 2703; x_wconf 74' lang='grc' dir='ltr'>ειΡ0</span> <span class='ocrx_word' id='word_1_261' title='bbox 997 2643 1198 2720; x_wconf 82' lang='lat' dir='ltr'>discrepantia</span> <span class='ocrx_word' id='word_1_262' title='bbox 1212 2643 1398 2702; x_wconf 85' lang='lat' dir='ltr'>coniecturae</span> 
     </span>
    </p>
   </div>
   <div class='ocr_carea' id='block_1_3' title="bbox 228 2732 1507 2814">
    <p class='ocr_par' dir='ltr' id='par_1_5' title="bbox 228 2732 1507 2814">
     <span class='ocr_line' id='line_1_28' title="bbox 228 2732 1507 2814; baseline -0.005 -20"><span class='ocrx_word' id='word_1_263' title='bbox 228 2736 343 2795; x_wconf 90' lang='lat' dir='ltr'>librarii</span> <span class='ocrx_word' id='word_1_264' title='bbox 371 2734 498 2794; x_wconf 90' lang='lat' dir='ltr'>attribui</span> <span class='ocrx_word' id='word_1_265' title='bbox 520 2736 683 2814; x_wconf 85' lang='lat' dir='ltr'>nequeant,</span> <span class='ocrx_word' id='word_1_266' title='bbox 708 2734 727 2793; x_wconf 91' lang='lat' dir='ltr'>i.</span> <span class='ocrx_word' id='word_1_267' title='bbox 747 2753 772 2793; x_wconf 90' lang='lat' dir='ltr'>e.</span> <span class='ocrx_word' id='word_1_268' title='bbox 797 2735 849 2792; x_wconf 90' lang='lat' dir='ltr'>ubi</span> <span class='ocrx_word' id='word_1_269' title='bbox 873 2754 889 2791; x_wconf 93' lang='lat' dir='ltr'>e</span> <span class='ocrx_word' id='word_1_270' title='bbox 912 2732 938 2792; x_wconf 98' lang='grc' dir='ltr'>Σ</span> <span class='ocrx_word' id='word_1_271' title='bbox 961 2734 1160 2808; x_wconf 87' lang='lat' dir='ltr'>interpolatus</span> <span class='ocrx_word' id='word_1_272' title='bbox 1184 2732 1224 2791; x_wconf 89' lang='lat' dir='ltr'>sit</span> <span class='ocrx_word' id='word_1_273' title='bbox 1246 2732 1283 2810; x_wconf 88' lang='lat' dir='ltr'>P,</span> <span class='ocrx_word' id='word_1_274' title='bbox 1307 2735 1340 2790; x_wconf 92' lang='lat' dir='ltr'>ut</span> <span class='ocrx_word' id='word_1_275' title='bbox 1363 2751 1398 2789; x_wconf 89' lang='lat' dir='ltr'>ea</span> <span class='ocrx_word' id='word_1_276' title='bbox 1505 2773 1507 2802; x_wconf 79' lang='grc'>,</span> 
     </span>
    </p>
   </div>
   <div class='ocr_carea' id='block_1_4' title="bbox 228 2819 1506 2973">
    <p class='ocr_par' dir='ltr' id='par_1_6' title="bbox 228 2819 1506 2973">
     <span class='ocr_line' id='line_1_29' title="bbox 228 2819 1506 2906; baseline -0.005 -23"><span class='ocrx_word' id='word_1_277' title='bbox 228 2826 356 2900; x_wconf 88' lang='lat' dir='ltr'>mittam,</span> <span class='ocrx_word' id='word_1_278' title='bbox 366 2824 402 2883; x_wconf 92' lang='lat' dir='ltr'>de</span> <span class='ocrx_word' id='word_1_279' title='bbox 417 2823 526 2899; x_wconf 89' lang='lat' dir='ltr'>quibus</span> <span class='ocrx_word' id='word_1_280' title='bbox 542 2822 673 2881; x_wconf 90' lang='lat' dir='ltr'>dubitari</span> <span class='ocrx_word' id='word_1_281' title='bbox 686 2823 791 2898; x_wconf 90' lang='lat' dir='ltr'>possit,</span> <span class='ocrx_word' id='word_1_282' title='bbox 805 2824 886 2882; x_wconf 90' lang='lat' dir='ltr'>hisce</span> <span class='ocrx_word' id='word_1_283' title='bbox 901 2823 1018 2882; x_wconf 92' lang='lat' dir='ltr'>duobus</span> <span class='ocrx_word' id='word_1_284' title='bbox 1033 2822 1175 2898; x_wconf 83' lang='lat' dir='ltr'>exemplis</span> <span class='ocrx_word' id='word_1_285' title='bbox 1189 2821 1268 2880; x_wconf 88' lang='lat' dir='ltr'>clare</span> <span class='ocrx_word' id='word_1_286' title='bbox 1282 2819 1397 2879; x_wconf 90' lang='lat' dir='ltr'>demon·</span> <span class='ocrx_word' id='word_1_287' title='bbox 1505 2879 1506 2906; x_wconf 57' lang='grc'>,</span> 
     </span>
     <span class='ocr_line' id='line_1_30' title="bbox 228 2912 546 2973; baseline -0.003 0"><span class='ocrx_word' id='word_1_288' title='bbox 228 2916 355 2973; x_wconf 87' lang='lat' dir='ltr'>stratur:</span> <span class='ocrx_word' id='word_1_289' title='bbox 384 2912 463 2971; x_wconf 80' lang='lat' dir='ltr'>Med.</span> <span class='ocrx_word' id='word_1_290' title='bbox 484 2914 546 2972; x_wconf 80' lang='lat'>107</span> 
     </span>
    </p>
   </div>
   <div class='ocr_carea' id='block_1_5' title="bbox 549 3030 1103 3293">
    <p class='ocr_par' dir='ltr' id='par_1_7' title="bbox 549 3030 1103 3293">
     <span class='ocr_line' id='line_1_31' title="bbox 549 3030 1045 3111; baseline 0.006 -17"><span class='ocrx_word' id='word_1_291' title='bbox 549 3035 649 3110; x_wconf 79' lang='grc' dir='ltr'>δῆλον</span> <span class='ocrx_word' id='word_1_292' title='bbox 669 3031 702 3094; x_wconf 84' lang='grc' dir='ltr'>δ’</span> <span class='ocrx_word' id='word_1_293' title='bbox 720 3030 820 3111; x_wconf 87' lang='grc' dir='ltr'>ἀρχῆς</span> <span class='ocrx_word' id='word_1_294' title='bbox 839 3031 1045 3111; x_wconf 81' lang='grc' dir='ltr'>ἐξαιρόμενον</span> 
     </span>
     <span class='ocr_line' id='line_1_32' title="bbox 549 3118 1103 3201; baseline 0 -17"><span class='ocrx_word' id='word_1_295' title='bbox 549 3120 650 3197; x_wconf 84' lang='grc' dir='ltr'>νέφος</span> <span class='ocrx_word' id='word_1_296' title='bbox 669 3119 809 3200; x_wconf 87' lang='grc' dir='ltr'>οἰμωγῆς</span> <span class='ocrx_word' id='word_1_297' title='bbox 829 3120 873 3185; x_wconf 85' lang='grc' dir='ltr'>ὡς</span> <span class='ocrx_word' id='word_1_298' title='bbox 891 3118 966 3201; x_wconf 79' lang='grc' dir='ltr'>τάχ’</span> <span class='ocrx_word' id='word_1_299' title='bbox 986 3120 1103 3198; x_wconf 90' lang='grc' dir='ltr'>ἀνάψει</span> 
     </span>
     <span class='ocr_line' id='line_1_33' title="bbox 550 3208 790 3293; baseline 0.004 -22"><span class='ocrx_word' id='word_1_300' title='bbox 550 3208 668 3285; x_wconf 82' lang='grc' dir='ltr'>μείζονι</span> <span class='ocrx_word' id='word_1_301' title='bbox 688 3215 790 3293; x_wconf 83' lang='grc' dir='ltr'>θυμῷ,</span> 
     </span>
    </p>
   </div>
   <div class='ocr_carea' id='block_1_6' title="bbox 229 3349 1396 3699">
    <p class='ocr_par' dir='ltr' id='par_1_8' title="bbox 229 3349 1396 3699">
     <span class='ocr_line' id='line_1_34' title="bbox 230 3349 1396 3430; baseline -0.002 -16"><span class='ocrx_word' id='word_1_302' title='bbox 230 3355 283 3414; x_wconf 91' lang='lat' dir='ltr'>ubi</span> <span class='ocrx_word' id='word_1_303' title='bbox 301 3373 368 3414; x_wconf 91' lang='lat' dir='ltr'>cum</span> <span class='ocrx_word' id='word_1_304' title='bbox 383 3355 407 3412; x_wconf 86' lang='lat' dir='ltr'>L</span> <span class='ocrx_word' id='word_1_305' title='bbox 423 3356 505 3413; x_wconf 92' lang='lat' dir='ltr'>solus</span> <span class='ocrx_word' id='word_1_306' title='bbox 524 3354 663 3414; x_wconf 82' lang='lat' dir='ltr'>exhibeat</span> <span class='ocrx_word' id='word_1_307' title='bbox 681 3349 799 3428; x_wconf 79' lang='grc' dir='ltr'>ἀνάξει,</span> <span class='ocrx_word' id='word_1_308' title='bbox 817 3357 849 3415; x_wconf 89' lang='lat' dir='ltr'>in</span> <span class='ocrx_word' id='word_1_309' title='bbox 864 3358 955 3416; x_wconf 88' lang='lat' dir='ltr'>schol.</span> <span class='ocrx_word' id='word_1_310' title='bbox 967 3357 1034 3415; x_wconf 92' lang='lat' dir='ltr'>Par.</span> <span class='ocrx_word' id='word_1_311' title='bbox 1046 3356 1114 3417; x_wconf 87' lang='lat' dir='ltr'>Ars.</span> <span class='ocrx_word' id='word_1_312' title='bbox 1127 3376 1155 3430; x_wconf 89' lang='lat' dir='ltr'>p.</span> <span class='ocrx_word' id='word_1_313' title='bbox 1169 3358 1218 3430; x_wconf 83' lang='lat'>14,</span> <span class='ocrx_word' id='word_1_314' title='bbox 1235 3358 1273 3413; x_wconf 81' lang='lat'>21</span> <span class='ocrx_word' id='word_1_315' title='bbox 1291 3356 1396 3430; x_wconf 86' lang='lat' dir='ltr'>legitur</span> 
     </span>
     <span class='ocr_line' id='line_1_35' title="bbox 229 3437 1395 3519; baseline -0.002 -16"><span class='ocrx_word' id='word_1_316' title='bbox 229 3441 287 3504; x_wconf 87' lang='grc' dir='ltr'>ἐὰν</span> <span class='ocrx_word' id='word_1_317' title='bbox 307 3441 342 3502; x_wconf 81' lang='grc' dir='ltr'>δὲ</span> <span class='ocrx_word' id='word_1_318' title='bbox 360 3437 522 3517; x_wconf 79' lang='grc' dir='ltr'>γράφηται</span> <span class='ocrx_word' id='word_1_319' title='bbox 541 3437 662 3517; x_wconf 83' lang='grc' dir='ltr'>ἀνάξει,</span> <span class='ocrx_word' id='word_1_320' title='bbox 682 3438 754 3503; x_wconf 85' lang='grc' dir='ltr'>οἶον</span> <span class='ocrx_word' id='word_1_321' title='bbox 773 3442 826 3505; x_wconf 84' lang='grc' dir='ltr'>ἐπὶ</span> <span class='ocrx_word' id='word_1_322' title='bbox 844 3443 929 3505; x_wconf 87' lang='grc' dir='ltr'>πολὺ</span> <span class='ocrx_word' id='word_1_323' title='bbox 948 3439 1056 3505; x_wconf 83' lang='grc' dir='ltr'>ἀνάξει</span> <span class='ocrx_word' id='word_1_324' title='bbox 1074 3440 1114 3501; x_wconf 88' lang='grc' dir='ltr'>τά</span> <span class='ocrx_word' id='word_1_325' title='bbox 1132 3444 1187 3519; x_wconf 88' lang='grc' dir='ltr'>τῆς</span> <span class='ocrx_word' id='word_1_326' title='bbox 1206 3439 1313 3517; x_wconf 85' lang='grc' dir='ltr'>ὀργῆς,</span> <span class='ocrx_word' id='word_1_327' title='bbox 1330 3438 1395 3502; x_wconf 81' lang='grc' dir='ltr'>οἷον</span> 
     </span>
     <span class='ocr_line' id='line_1_36' title="bbox 229 3525 1394 3614; baseline 0 -23"><span class='ocrx_word' id='word_1_328' title='bbox 229 3527 297 3591; x_wconf 88' lang='grc' dir='ltr'>ἀνω</span> <span class='ocrx_word' id='word_1_329' title='bbox 324 3526 403 3605; x_wconf 82' lang='grc' dir='ltr'>ἄξει,</span> <span class='ocrx_word' id='word_1_330' title='bbox 432 3528 476 3591; x_wconf 88' lang='grc' dir='ltr'>εἰς</span> <span class='ocrx_word' id='word_1_331' title='bbox 499 3528 584 3605; x_wconf 84' lang='grc' dir='ltr'>ὕψος</span> <span class='ocrx_word' id='word_1_332' title='bbox 607 3526 755 3593; x_wconf 83' lang='grc' dir='ltr'>ἀνατενεῖ</span> <span class='ocrx_word' id='word_1_333' title='bbox 775 3528 928 3614; x_wconf 72' lang='lat' dir='ltr'>(Dindortz</span> <span class='ocrx_word' id='word_1_334' title='bbox 956 3528 1113 3592; x_wconf 88' lang='grc' dir='ltr'>ἀνατείνει</span> <span class='ocrx_word' id='word_1_335' title='bbox 1137 3525 1247 3613; x_wconf 83' lang='lat' dir='ltr'>codd),</span> <span class='ocrx_word' id='word_1_336' title='bbox 1276 3529 1294 3590; x_wconf 92' lang='grc' dir='ltr'>ὃ</span> <span class='ocrx_word' id='word_1_337' title='bbox 1318 3527 1394 3591; x_wconf 85' lang='grc' dir='ltr'>έςτιν</span> 
     </span>
     <span class='ocr_line' id='line_1_37' title="bbox 231 3617 769 3699; baseline 0.004 -19"><span class='ocrx_word' id='word_1_338' title='bbox 231 3617 356 3697; x_wconf 87' lang='grc' dir='ltr'>αὐξὴςει</span> <span class='ocrx_word' id='word_1_339' title='bbox 374 3618 432 3681; x_wconf 88' lang='grc' dir='ltr'>τὸν</span> <span class='ocrx_word' id='word_1_340' title='bbox 451 3617 552 3699; x_wconf 85' lang='grc' dir='ltr'>θυμόν</span> <span class='ocrx_word' id='word_1_341' title='bbox 571 3624 601 3681; x_wconf 87' lang='lat' dir='ltr'>et</span> <span class='ocrx_word' id='word_1_342' title='bbox 619 3622 684 3684; x_wconf 86' lang='lat' dir='ltr'>Alc.</span> <span class='ocrx_word' id='word_1_343' title='bbox 706 3626 769 3682; x_wconf 89' lang='lat'>118</span> 
     </span>
    </p>
   </div>
   <div class='ocr_carea' id='block_1_7' title="bbox 549 3741 911 3911">
    <p class='ocr_par' dir='ltr' id='par_1_9' title="bbox 549 3741 911 3911">
     <span class='ocr_line' id='line_1_38' title="bbox 550 3741 911 3821; baseline 0.006 -17"><span class='ocrx_word' id='word_1_344' title='bbox 550 3741 649 3821; x_wconf 89' lang='grc' dir='ltr'>μόρος</span> <span class='ocrx_word' id='word_1_345' title='bbox 667 3741 728 3821; x_wconf 87' lang='grc' dir='ltr'>γὰρ</span> <span class='ocrx_word' id='word_1_346' title='bbox 746 3741 911 3820; x_wconf 88' lang='grc' dir='ltr'>ἀπότομος</span> 
     </span>
     <span class='ocr_line' id='line_1_39' title="bbox 549 3831 677 3911; baseline 0 -17"><span class='ocrx_word' id='word_1_347' title='bbox 549 3831 677 3911; x_wconf 86' lang='grc' dir='ltr'>πλάθει,</span> 
     </span>
    </p>
   </div>
   <div class='ocr_carea' id='block_1_8' title="bbox 230 3965 1392 4409">
    <p class='ocr_par' dir='ltr' id='par_1_10' title="bbox 230 3965 1392 4324">
     <span class='ocr_line' id='line_1_40' title="bbox 231 3965 1392 4055; baseline -0.003 -17"><span class='ocrx_word' id='word_1_348' title='bbox 231 3979 283 4038; x_wconf 91' lang='lat' dir='ltr'>ubi</span> <span class='ocrx_word' id='word_1_349' title='bbox 300 3979 333 4037; x_wconf 94' lang='lat' dir='ltr'>in</span> <span class='ocrx_word' id='word_1_350' title='bbox 351 3978 430 4037; x_wconf 91' lang='lat' dir='ltr'>BaP</span> <span class='ocrx_word' id='word_1_351' title='bbox 450 3971 592 4052; x_wconf 82' lang='grc' dir='ltr'>ἄποτμος</span> <span class='ocrx_word' id='word_1_352' title='bbox 611 3981 706 4055; x_wconf 88' lang='lat' dir='ltr'>extat,</span> <span class='ocrx_word' id='word_1_353' title='bbox 726 3979 755 4035; x_wconf 91' lang='lat' dir='ltr'>in</span> <span class='ocrx_word' id='word_1_354' title='bbox 775 3975 815 4033; x_wconf 69' lang='grc' dir='ltr'>Ιι0</span> <span class='ocrx_word' id='word_1_355' title='bbox 834 3970 898 4036; x_wconf 90' lang='grc' dir='ltr'>ἀπό</span> <span class='ocrx_word' id='word_1_356' title='bbox 912 3994 931 4032; x_wconf 73' lang='lat' dir='ltr'>s</span> <span class='ocrx_word' id='word_1_357' title='bbox 946 3993 964 4033; x_wconf 71' lang='lat' dir='ltr'>a</span> <span class='ocrx_word' id='word_1_358' title='bbox 978 3992 1049 4050; x_wconf 92' lang='grc' dir='ltr'>μος,</span> <span class='ocrx_word' id='word_1_359' title='bbox 1068 3965 1301 4036; x_wconf 87' lang='lat' dir='ltr'>Wilamowitzio</span> <span class='ocrx_word' id='word_1_360' title='bbox 1322 3979 1392 4034; x_wconf 87' lang='lat' dir='ltr'>teste</span> 
     </span>
     <span class='ocr_line' id='line_1_41' title="bbox 230 4066 1391 4142; baseline -0.004 -15"><span class='ocrx_word' id='word_1_361' title='bbox 230 4070 286 4142; x_wconf 88' lang='lat' dir='ltr'>ita,</span> <span class='ocrx_word' id='word_1_362' title='bbox 305 4070 340 4129; x_wconf 94' lang='lat' dir='ltr'>ut</span> <span class='ocrx_word' id='word_1_363' title='bbox 358 4068 491 4142; x_wconf 89' lang='lat' dir='ltr'>aprima</span> <span class='ocrx_word' id='word_1_364' title='bbox 508 4083 655 4127; x_wconf 75' lang='lat' dir='ltr'>manure</span> <span class='ocrx_word' id='word_1_365' title='bbox 675 4067 818 4140; x_wconf 90' lang='lat' dir='ltr'>scriptum</span> <span class='ocrx_word' id='word_1_366' title='bbox 837 4066 929 4125; x_wconf 87' lang='lat' dir='ltr'>fuisse</span> <span class='ocrx_word' id='word_1_367' title='bbox 949 4067 1104 4141; x_wconf 89' lang='lat' dir='ltr'>adpareat:</span> <span class='ocrx_word' id='word_1_368' title='bbox 1123 4085 1229 4141; x_wconf 90' lang='lat' dir='ltr'>nempe</span> <span class='ocrx_word' id='word_1_369' title='bbox 1248 4067 1323 4123; x_wconf 88' lang='lat' dir='ltr'>talia</span> <span class='ocrx_word' id='word_1_370' title='bbox 1340 4084 1391 4124; x_wconf 90' lang='lat' dir='ltr'>nou</span> 
     </span>
     <span class='ocr_line' id='line_1_42' title="bbox 231 4147 1390 4232; baseline -0.005 -15"><span class='ocrx_word' id='word_1_371' title='bbox 231 4157 417 4217; x_wconf 89' lang='lat' dir='ltr'>coniciuntur</span> <span class='ocrx_word' id='word_1_372' title='bbox 435 4177 454 4216; x_wconf 97' lang='lat' dir='ltr'>a</span> <span class='ocrx_word' id='word_1_373' title='bbox 471 4156 618 4232; x_wconf 89' lang='lat' dir='ltr'>librariis,</span> <span class='ocrx_word' id='word_1_374' title='bbox 643 4158 677 4214; x_wconf 95' lang='lat' dir='ltr'>ut</span> <span class='ocrx_word' id='word_1_375' title='bbox 696 4157 812 4213; x_wconf 87' lang='lat' dir='ltr'>certum</span> <span class='ocrx_word' id='word_1_376' title='bbox 831 4154 871 4214; x_wconf 88' lang='lat' dir='ltr'>sit</span> <span class='ocrx_word' id='word_1_377' title='bbox 889 4155 936 4214; x_wconf 92' lang='lat' dir='ltr'>his</span> <span class='ocrx_word' id='word_1_378' title='bbox 955 4155 1028 4214; x_wconf 92' lang='lat' dir='ltr'>locis</span> <span class='ocrx_word' id='word_1_379' title='bbox 1048 4156 1112 4213; x_wconf 67' lang='grc' dir='ltr'>Ιι11111</span> <span class='ocrx_word' id='word_1_380' title='bbox 1130 4147 1160 4213; x_wconf 72' lang='lat'>8¹</span> <span class='ocrx_word' id='word_1_381' title='bbox 1178 4154 1320 4213; x_wconf 86' lang='lat' dir='ltr'>lectiones</span> <span class='ocrx_word' id='word_1_382' title='bbox 1338 4173 1390 4212; x_wconf 88' lang='lat' dir='ltr'>ser·</span> 
     </span>
     <span class='ocr_line' id='line_1_43' title="bbox 231 4240 956 4324; baseline -0.004 -17"><span class='ocrx_word' id='word_1_383' title='bbox 231 4265 331 4324; x_wconf 82' lang='lat' dir='ltr'>rasse,</span> <span class='ocrx_word' id='word_1_384' title='bbox 350 4247 415 4304; x_wconf 81' lang='lat' dir='ltr'>Pum</span> <span class='ocrx_word' id='word_1_385' title='bbox 433 4245 502 4305; x_wconf 91' lang='lat' dir='ltr'>inde</span> <span class='ocrx_word' id='word_1_386' title='bbox 520 4247 558 4304; x_wconf 93' lang='lat' dir='ltr'>ad</span> <span class='ocrx_word' id='word_1_387' title='bbox 577 4244 722 4304; x_wconf 87' lang='lat' dir='ltr'>familiam</span> <span class='ocrx_word' id='word_1_388' title='bbox 742 4240 768 4301; x_wconf 98' lang='grc' dir='ltr'>Σ</span> <span class='ocrx_word' id='word_1_389' title='bbox 787 4244 956 4304; x_wconf 87' lang='lat' dir='ltr'>descivisse.</span> 
     </span>
    </p>

    <p class='ocr_par' dir='ltr' id='par_1_11' title="bbox 319 4332 1388 4409">
     <span class='ocr_line' id='line_1_44' title="bbox 319 4332 1388 4409; baseline -0.005 -16"><span class='ocrx_word' id='word_1_390' title='bbox 319 4334 464 4395; x_wconf 85' lang='lat' dir='ltr'>Attamen</span> <span class='ocrx_word' id='word_1_391' title='bbox 483 4334 646 4393; x_wconf 87' lang='lat' dir='ltr'>cavendum</span> <span class='ocrx_word' id='word_1_392' title='bbox 666 4335 712 4391; x_wconf 90' lang='lat' dir='ltr'>est</span> <span class='ocrx_word' id='word_1_393' title='bbox 730 4352 768 4391; x_wconf 88' lang='lat' dir='ltr'>ne</span> <span class='ocrx_word' id='word_1_394' title='bbox 786 4333 866 4393; x_wconf 88' lang='lat' dir='ltr'>iusto</span> <span class='ocrx_word' id='word_1_395' title='bbox 884 4333 1065 4409; x_wconf 86' lang='lat' dir='ltr'>pertinacius</span> <span class='ocrx_word' id='word_1_396' title='bbox 1085 4333 1124 4390; x_wconf 84' lang='lat' dir='ltr'>L⁰</span> <span class='ocrx_word' id='word_1_397' title='bbox 1142 4350 1196 4390; x_wconf 88' lang='lat' dir='ltr'>nos</span> <span class='ocrx_word' id='word_1_398' title='bbox 1215 4332 1388 4391; x_wconf 86' lang='lat' dir='ltr'>addicamus:</span> 
     </span>
    </p>
   </div>
   <div class='ocr_carea' id='block_1_9' title="bbox 231 4425 414 4486">
    <p class='ocr_par' dir='ltr' id='par_1_12' title="bbox 231 4425 414 4486">
     <span class='ocr_line' id='line_1_45' title="bbox 231 4425 414 4486; baseline 0.005 -3"><span class='ocrx_word' id='word_1_399' title='bbox 231 4425 308 4485; x_wconf 91' lang='lat' dir='ltr'>Med.</span> <span class='ocrx_word' id='word_1_400' title='bbox 329 4427 414 4486; x_wconf 78' lang='lat'>1078</span> 
     </span>
    </p>
   </div>
   <div class='ocr_carea' id='block_1_10' title="bbox 0 0 1532 5109">
    <p class='ocr_par' dir='ltr' id='par_1_13' title="bbox 0 0 1532 5109">
     <span class='ocr_line' id='line_1_46' title="bbox 0 0 1532 5109; baseline 0 0"><span class='ocrx_word' id='word_1_401' title='bbox 0 0 1532 5109; x_wconf 95' lang='lat' dir='ltr'> </span> 
     </span>
    </p>
   </div>
  </div>
 </body>
</html>
