3050 5109
202 221 268 288 300
666 221 790 277 Evaldus
808 221 917 276 Bruhn:

288 395 348 452 231
398 385 508 472 (Ζεύς)
526 385 617 452 ὅπως
635 384 766 465 τάχιςτα
784 386 842 452 τὸν
861 391 1014 470 πατρῷον
1033 387 1078 453 εἰς
1096 388 1216 468 θρόνον

396 473 553 556 καθέζετ’,
573 476 661 542 αὖθις
681 476 823 554 οαίμοςιν
842 478 929 555 νέμει
948 477 1027 556 γέρα

396 563 537 630 ἄλλοιςιν
556 563 639 630 ἄλλα
657 565 709 629 καὶ
728 566 949 644 οιεςτοιχίζετο

397 652 511 735 ἀρχὴν,

201 819 325 878 eandem
346 837 426 879 nunc
449 819 506 879 sibi
528 819 649 880 studeat
666 819 827 881 vindicare.
855 818 914 879 Sed
932 821 1046 879 nullam
1065 839 1187 882 cerream
1206 823 1280 899 dico,
1300 825 1373 900 quin

201 909 257 968 hoc
275 908 445 969 addubites:
475 909 544 969 vide
563 928 690 987 quaeso,
715 929 774 985 quo
793 909 885 968 animi
903 909 1009 970 habitu
1027 928 1106 969 nunc
1123 912 1223 988 ipsum
1241 912 1376 973 adfectus

203 997 244 1056 sit
262 997 471 1057 Prometheus:
493 1016 553 1057 non
570 998 646 1057 illud
664 999 717 1057 ille
735 998 912 1075 considerat,
931 1017 949 1058 a
968 1001 1080 1074 quanta
1097 1000 1236 1061 fortunae
1256 1004 1376 1062 excelsi-

201 1089 265 1145 tate
288 1087 325 1146 ad
350 1106 439 1162 quam
461 1088 656 1163 praecipitem
680 1106 783 1147 casum
806 1088 894 1147 datus
923 1089 976 1163 sit,
1004 1089 1056 1147 sed
1079 1088 1156 1148 illud
1179 1091 1294 1165 potius,
1320 1112 1376 1167 pro

203 1176 323 1251 quantis
342 1176 493 1236 beneficiis
512 1195 602 1253 quam
621 1177 756 1237 nonsibi
776 1177 877 1236 dehita
895 1178 995 1253 gratia
1013 1177 1053 1236 sit
1067 1178 1166 1237 soluta
1181 1171 1232 1260 (cf.
1243 1176 1377 1260 443ss.).

204 1264 299 1341 Atqui
317 1266 343 1324 si
361 1266 441 1343 regis
460 1265 557 1326 instar
574 1285 700 1326 munera
719 1266 776 1326 diis
793 1266 998 1342 distribuerat,
1016 1266 1088 1342 quid
1106 1271 1173 1326 erat
1190 1270 1270 1344 quod
1288 1272 1376 1346 grato
1476 1286 1480 1290 ·

204 1354 242 1413 ab
255 1354 293 1413 iis
309 1354 407 1414 animo
422 1354 589 1414 coleretur?
610 1356 687 1415 Mira
697 1356 855 1430 proferunt
868 1357 1061 1431 interpretes:
1081 1355 1230 1418 Ludovico
1242 1357 1377 1419 Schmidt
1487 1397 1496 1414 .

202 1441 324 1518 opinata
341 1444 469 1518 videtur,
487 1463 547 1503 non
566 1464 639 1505 vera
657 1444 871 1521 discrepantia3
890 1444 1020 1504 rationes
1035 1445 1086 1504 ille
1101 1445 1218 1505 adferre
1233 1448 1375 1524 dignatus

199 1550 258 1591 non
284 1535 339 1593 est.
376 1532 550 1593 Wecklinus
574 1537 675 1593 autem
699 1534 877 1593 scholiastae
896 1534 1098 1594 Laurentiano
1118 1535 1292 1596 subscribit:
1324 1533 1376 1596 διὰ

199 1616 238 1681 τὸ
252 1618 460 1696 ςομβαλέςθαι
470 1617 525 1682 Διὶ
539 1618 618 1682 κατὰ
632 1621 698 1683 τῶν
710 1618 868 1683 Τιτάνων·
884 1618 957 1682 εἰδὲ
972 1619 1055 1683 Ζεὺς
1069 1617 1240 1698 ἀπένειμεν
1255 1620 1375 1704 ἑκάςτιμ

200 1710 265 1789 θεῷ
297 1708 402 1786 τιμὴν,
434 1707 549 1785 ςχεοόν
577 1707 616 1772 οὐ
645 1707 738 1785 Διὸς,
772 1706 855 1771 ἀλλὰ
881 1709 1078 1786 Προμηθέως
1110 1708 1148 1772 τὸ
1176 1708 1376 1788 κατόρθωμα.

200 1798 368 1860 παντελῶς
391 1819 462 1860 vero
485 1801 564 1860 idem
588 1803 689 1861 valere
712 1801 865 1861 existimat
887 1802 967 1876 quod
990 1795 1027 1860 ‘si
1046 1820 1147 1860 veram
1166 1802 1210 1861 rei
1228 1804 1376 1864 rationem

199 1882 327 1964 exigas';
338 1907 428 1965 quam
439 1890 618 1950 sententiam
629 1891 737 1966 quibus
752 1890 895 1965 exemplis
905 1890 1013 1967 firmet,
1027 1909 1087 1949 non
1100 1892 1228 1952 invenio.
1247 1892 1376 1968 Scripse-

199 1981 285 2038 ratne
303 1978 473 2056 Aeschylus

427 2098 528 2164 καίτοι
547 2104 645 2165 θεοῖςι
664 2103 732 2173 τοῖς
752 2101 837 2164 νέοις
856 2099 983 2164 τούτοις
1001 2101 1081 2178 γέρα

425 2189 472 2252 τίς
491 2187 589 2254 ἄλλος
608 2191 627 2268 ἢ
647 2187 703 2265 ’γὼ
723 2192 891 2253 παντελῶς
910 2188 1205 2271 διῶρ<μ>ιςεν;λ

199 2348 376 2427 μεθορμίζιυ
400 2356 431 2413 et
454 2348 632 2428 καθορμίζω
655 2355 735 2429 apud
754 2358 859 2430 poetas
877 2354 1007 2416 Graecos
1026 2356 1145 2431 saepius
1163 2355 1373 2430 inveniuntur3
1463 2435 1467 2440 .

200 2442 256 2502 hoo
279 2442 350 2518 quid
369 2443 426 2501 sibi
446 2443 527 2516 velit,
551 2444 680 2519 explicat
697 2443 850 2504 Hierocles
869 2464 915 2520 ap.
936 2444 1017 2505 Stob.
1037 2444 1116 2504 Flor.
1137 2446 1232 2518 75,14
1252 2440 1375 2519 διορμί-

201 2532 287 2594 Ζεται
306 2577 312 2591 .
329 2578 335 2592 .
352 2526 392 2592 ,ὁ
413 2526 479 2607 βίος
498 2526 662 2604 ἀνάλογον
680 2533 750 2592 ταῖς
775 2529 828 2593 έπὶ
846 2532 979 2594 πολλῶν
998 2528 1146 2608 ἀγκυρῶν
1167 2529 1373 2594 ςαλευούςαις

199 2616 317 2681 νανςίν.
351 2620 492 2681 Ceterum
509 2622 541 2680 in
559 2642 587 2681 ν.
603 2624 667 2681 964
686 2616 884 2696 καθώρμιςας
902 2641 987 2700 rece,
1006 2619 1181 2697 καθῶριςας
1200 2623 1225 2681 L
1244 2623 1373 2683 exhibet.

288 2710 478 2786 Exponendis
488 2713 624 2771 veterum
633 2712 900 2787 grammaticorum
915 2713 1022 2772 studiis
1032 2711 1198 2773 Homericis
1212 2715 1375 2789 postquam

200 2798 326 2859 Carolus
350 2799 445 2860 Lehrs
468 2800 644 2859 Aristarcho
669 2819 724 2860 suo
746 2801 827 2860 viam
851 2802 1006 2876 patefecit,
1033 2801 1115 2860 haud
1139 2802 1228 2877 pauci
1251 2820 1375 2876 operam

199 2888 359 2966 dederunt3
383 2889 543 2964 scriptores
563 2886 669 2949 Graeci
693 2889 764 2964 quid
789 2890 821 2948 in
843 2890 1045 2966 intellegendo
1065 2894 1222 2967 poetarum
1240 2890 1374 2967 principe

199 2977 434 3053 praestitissent,
452 2979 614 3038 nemodum
631 2980 694 3038 fere
713 2979 875 3055 quaesivit3
893 2980 1032 3055 namqui
1051 2979 1087 3039 de
1107 2980 1228 3039 serioris
1246 2979 1374 3039 alicuius

199 3069 305 3143 poetae
328 3061 448 3127 ‘studiis
472 3061 650 3128 Homericis'
675 3068 871 3144 scripserrmt,
899 3069 921 3127 ii
942 3070 1005 3129 fere
1030 3087 1148 3144 semper
1170 3070 1374 3145 conlegerunt,

200 3173 275 3231 quae
299 3157 379 3232 apud
402 3157 488 3215 illum
512 3157 718 3217 invenirentur
741 3157 917 3217 imitationis
940 3158 1117 3219 Homericae
1139 3158 1282 3234 vestigia,
1304 3177 1374 3217 raro

200 3249 389 3319 curaverunt,
408 3245 556 3320 quomodo
574 3246 625 3305 ille
643 3245 810 3305 Homerum
827 3247 1043 3323 interpretatus
1062 3250 1151 3308 esset.
1187 3247 1282 3322 Atqui
1301 3247 1373 3305 dum

199 3334 358 3411 Porphyrii
375 3334 573 3394 insanientem
592 3336 771 3412 sapientiam
788 3339 855 3395 arte
873 3355 1075 3412 recensemus,
1097 3356 1135 3396 ne
1158 3337 1231 3395 haec
1251 3336 1374 3412 quidem

200 3423 324 3499 indigna
342 3424 490 3497 videntur,
509 3442 585 3499 quae
604 3425 634 3482 in
653 3424 750 3483 lucem
763 3425 986 3500 protrahantur.
1009 3425 1088 3484 Nam
1102 3425 1203 3501 qualia
1217 3424 1285 3498 sint,
1301 3425 1374 3500 quid

199 3511 313 3572 refert?
333 3511 399 3572 Sint
411 3530 489 3572 vana
503 3514 534 3572 et
547 3512 679 3590 inutilia,
699 3513 910 3574 candidissimo
924 3514 1040 3574 calculo
1054 3514 1224 3574 notabimus
1243 3513 1373 3573 iuvabit-

201 3621 258 3678 que
281 3620 398 3678 semper
421 3620 577 3679 cognosse,
600 3603 671 3680 quid
695 3602 731 3661 de
755 3602 804 3661 his
827 3603 1055 3680 quaestionibus
1079 3605 1207 3662 multum
1231 3607 1261 3662 et
1284 3603 1336 3661 diu
1355 3622 1374 3661 a

200 3690 387 3751 nostratibus
403 3693 595 3767 pertractatis
614 3692 659 3750 illi
676 3691 885 3752 iudicaverint.
915 3692 1013 3762 Quid?
1032 3691 1218 3769 quodetiam
1231 3692 1270 3750 ad
1284 3710 1373 3751 usum

199 3780 335 3838 nonnihil
349 3780 418 3840 inde
432 3781 498 3857 oapi
513 3783 613 3855 potest
628 3781 842 3840 emolumenti?
865 3781 941 3840 Mihi
954 3785 1036 3841 certe
1049 3782 1240 3843 inveniendis
1260 3781 1302 3841 eis
1321 3800 1372 3842 vo·

200 3869 324 3945 cabulis,
343 3869 380 3929 de
394 3870 502 3945 quibus
518 3869 608 3929 dubia
622 3874 652 3929 et
666 3870 780 3929 incerta
793 3888 812 3928 a
825 3871 1029 3947 grammaticis
1045 3871 1154 3931 nostris
1169 3870 1374 3947 proferuntur,

200 3958 294 4017 satius
318 3958 437 4019 videtur
454 3958 617 4017 Pindarum
635 3958 856 4036 Aeschylumve
880 3961 963 4036 sequi
986 3980 1076 4036 quam
1101 3960 1301 4020 recentiorum
1321 3960 1373 4019 ali·

200 4048 284 4107 cuius
303 4048 436 4107 lubricae
451 4047 623 4106 auctoritati
637 4067 668 4108 se
683 4048 836 4126 addicere;
857 4049 894 4108 ab
908 4051 968 4109 illis
983 4050 1062 4109 enim
1076 4049 1151 4108 nihil
1164 4067 1219 4108 nos
1234 4041 1372 4109 edoctum

199 4135 238 4194 iri
261 4136 383 4211 scimus,
406 4136 485 4213 quod
508 4137 546 4197 ab
569 4137 698 4198 hominis
722 4157 793 4198 uere
813 4137 919 4198 Graeci
942 4139 1062 4215 ingenio
1086 4138 1290 4212 abhorruerit,
1313 4158 1373 4198 non

200 4225 273 4284 item
300 4226 338 4285 ab
365 4225 422 4287 his.
458 4225 527 4286 Non
554 4229 602 4286 est
628 4230 730 4287 autem
758 4228 789 4285 in
816 4228 862 4287 his
886 4228 1111 4303 quaestionibus
1135 4227 1372 4288 obliviscendum

200 4314 319 4391 saepius
342 4333 402 4374 non
425 4315 491 4389 ipsa
513 4314 637 4375 Homeri
659 4318 753 4376 verba
776 4315 900 4391 adferri,
928 4317 980 4377 sed
1002 4320 1082 4377 tecte
1105 4317 1282 4394 significari,
1304 4336 1372 4376 cum

199 4406 302 4463 tamen
319 4403 452 4464 dubitari
468 4421 527 4464 non
546 4405 642 4482 possit
655 4406 727 4481 quin
740 4408 898 4468 vertantur
911 4406 1058 4468 vocabula
1070 4405 1238 4468 Homerica.
1265 4406 1370 4465 Veluti
