3050 5109
364 237 603 291 Lucubrationum
622 238 836 307 Euripidearum
855 237 951 306 capita
970 237 1082 291 selecta.
1245 237 1310 300 255

128 408 212 467 illud
230 407 285 482 τῆ(
304 405 336 463 11
354 425 382 464 v.
403 408 465 466 717
485 405 617 465 indidem
639 405 785 482 originem
809 406 950 479 traxisse,
974 406 1004 463 in
1030 406 1185 481 utriusque
1209 407 1310 463 autern

129 498 267 556 familiae
286 496 451 570 archetypo
470 495 618 554 extitisse:

312 614 318 623 '
418 616 527 695 (ἣμεῖά
546 613 581 691 γ’
599 613 625 677 ὠ
644 614 779 692 κάκιετε,
799 618 852 693 tric
871 613 1031 694 ἀψυχ1111

129 763 222 834 Quod
239 762 292 821 ubi
313 762 444 839 primum
461 762 611 836 inlapsum
631 765 696 820 erat
719 762 775 835 τῆ(
799 761 865 838 (ἦε,
887 763 938 820 vix
960 765 1079 837 poterat
1097 762 1187 820 aliter
1204 761 1310 819 immu-

128 854 195 910 tari
218 856 310 928 atque
333 851 524 910 immutatum
547 851 715 909 invenimus
742 852 773 908 in
797 847 830 908 Σ.
868 850 933 909 Η11
956 854 1058 910 autem
1083 849 1311 925 111111111ρί-

130 942 196 1000 cati
221 959 338 1016 sumus,
362 960 422 1000 non
444 939 647 998 dubitabimus
670 958 742 1014 prae
765 940 821 997 hac
844 940 972 998 lectione
990 940 1106 999 abicere
1125 940 1200 997 illud
1219 931 1311 997 ταῦτ’

130 1031 214 1106 quod
233 1049 287 1106 pro
308 1029 361 1104 εὴ(
379 1031 505 1104 praebet
526 1028 555 1087 S.

226 1117 322 1188 Quam
345 1119 378 1176 in
399 1121 514 1176 textum
538 1117 652 1193 recepit
675 1117 809 1175 Prinaius
836 1118 1037 1176 coniecturam
1061 1117 1098 1176 ab
1126 1117 1192 1192 ipso
1221 1117 1310 1174 simul

133 1227 204 1267 cum
223 1206 379 1266 Wecklino
397 1208 507 1267 factam
525 1206 603 1265 Med.
625 1207 709 1266 1076

509 1306 618 1373 οὐκέτ’
637 1307 697 1385 εἰμὶ
715 1310 927 1388 conceleres

416 1397 469 1463 οἵα
487 1419 523 1463 τε
541 1402 671 1475 παῖδας,

133 1564 173 1604 ea
191 1547 331 1604 arrecta
349 1544 389 1602 sit
407 1545 521 1603 dubito
559 1544 637 1602 Nam
657 1563 770 1603 meram
789 1543 990 1602 coniecturam
1010 1561 1075 1601 esse
1096 1534 1129 1600 S¹
1146 1543 1308 1602 lectionem

133 1630 190 1693 οἵα
208 1628 241 1693 τ’
259 1629 292 1693 ἐ(
312 1629 403 1706 ὑμαί,
423 1652 490 1691 cum
510 1628 563 1692 111
582 1649 617 1692 τε
637 1627 975 1705 *1111111111
995 1627 1076 1704 πρὸ(
1095 1626 1174 1704 ὑμᾶς
1193 1622 1308 1690 B1a²E

134 1718 191 1782 οἵα
211 1738 245 1781 τε
265 1737 346 1795 προ(
367 1720 424 1794 μᾶ(
444 1741 462 1780 1
479 1722 657 1798 praebeant,
681 1740 715 1781 eo
741 1720 869 1780 efficitur
888 1721 967 1797 quod
985 1711 1307 1800 Pscuuogregcriusffi)

134 1812 214 1871 875.·
233 1813 315 1870 1611
337 1811 430 1869 habet
448 1806 501 1870 οἵα
519 1807 600 1884 πρὸ(
620 1806 706 1883 ὑμᾶ(.
744 1809 804 1867 Sed
822 1812 924 1868 tamen
942 1810 998 1869 hoc
1016 1828 1075 1868 non
1100 1812 1211 1881 obstat,
1238 1828 1309 1885 quo-

133 1900 234 1959 minus
253 1918 326 1959 vera
345 1900 394 1958 sit.
432 1900 525 1975 Atqui
546 1903 577 1959 et
594 1898 661 1958 vitii
680 1899 764 1975 origo
784 1899 871 1958 facile
889 1900 933 1957 ita
952 1899 1117 1973 explicatur
1136 1891 1184 1978 (cf,
1203 1898 1308 1957 Weck-

134 1989 196 2047 lein
219 1990 265 2048 ad.
289 1987 380 2064 Hipp.
401 1981 456 2068 19)
481 1992 512 2047 11
535 1988 648 2048 Graece
672 1988 729 2046 dici
752 1984 965 2063 προεβλέπειν
989 1982 1034 2046 εἴ(
1056 2003 1127 2046 τινα
1150 1987 1237 2047 testis
1261 1989 1309 2046 est

135 2078 315 2136 Plutarchus
340 2078 376 2134 de
404 2097 471 2153 gen.
492 2077 572 2136 Scor.
593 2079 642 2136 28.
662 2071 883 2150 ὁπλιζομένων
907 2073 942 2135 δὲ
967 2073 1057 2151 ἡμῶν
1081 2072 1131 2135 καὶ
1150 2092 1307 2135 cuvento-

136 2163 244 2239 μένων
263 2160 352 2225 αὖθι(
370 2162 519 2239 φαίνεται
539 2160 654 2238 Χάρων
672 2161 774 2243 ἱλαρῷ
793 2166 839 2245 τῷ
858 2161 1021 2243 προεώπῳ
1041 2161 1091 2223 καὶ
1111 2164 1238 2238 μειδιῶν
1257 2160 1309 2223 καὶ

136 2252 350 2330 προεβλέπων
369 2249 413 2312 εἰ(
432 2251 512 2330 ἡμᾶς
531 2255 661 2327 θαρρεῖν
680 2250 854 2314 ἐκέλευεεν.

227 2343 405 2417 Disputatur
422 2345 453 2403 in
473 2344 604 2402 enneade
622 2343 795 2401 fabularum
809 2343 1039 2419 Euripidearum
1053 2343 1151 2418 prima
1169 2361 1229 2400 non
1243 2345 1308 2400 tan·

138 2435 204 2490 tum
223 2432 258 2490 de
277 2431 397 2490 familiis
416 2433 570 2507 librorum,
590 2452 694 2493 verum
714 2433 805 2490 etiam
825 2431 861 2490 de
881 2433 1032 2491 codicibus
1051 2432 1186 2507 singulis.
1213 2431 1307 2490 Wila-

137 2521 302 2582 mowitzius
322 2521 399 2579 enim
419 2514 491 2601 (An.
510 2521 581 2583 Eur.
602 2517 636 2600 7)
650 2520 781 2580 Palatini
800 2521 935 2580 Alcestin
953 2520 1152 2597 Hippolytum
1171 2520 1308 2579 Medeam

136 2609 377 2669 Andromacham
395 2629 454 2669 non
474 2630 508 2669 ox
528 2612 593 2686 ipso
613 2610 632 2669 S
653 2600 758 2691 (quern
777 2610 828 2668 ille
848 2608 876 2672 Φ
896 2600 1043 2690 adpellat)
1063 2609 1228 2686 descriptas
1248 2613 1308 2669 sta-

134 2699 207 2773 tuit,
232 2698 285 2757 sed
309 2718 324 2757 e
347 2697 432 2758 libris
455 2700 504 2759 vel
527 2700 596 2759 inde
620 2698 763 2758 derivatis
787 2700 836 2758 vel
858 2699 1059 2758 fraternitatis
1081 2699 1146 2756 iure
1170 2718 1237 2758 cum
1254 2698 1306 2757 illo

135 2788 266 2864 conexis,
290 2788 334 2846 ita
353 2790 454 2847 tamen
473 2788 555 2847 utin
574 2788 727 2847 Alcestide
746 2790 778 2845 11
796 2786 960 2864 Hippolyto
978 2788 1087 2861 leuius,
1111 2788 1233 2863 gravius
1252 2806 1307 2863 per

136 2875 272 2935 Medeam
282 2879 313 2935 et
324 2876 561 2936 Andromacham
576 2896 592 2936 1
606 2878 707 2953 peiore
721 2877 821 2951 aliquo
837 2877 967 2935 familiae
978 2875 1091 2936 {libro
1106 2876 1306 2937 inficerentur.

135 2964 219 3023 Idem
243 2958 292 3044 (de
316 2965 409 3026 Rhesi
433 2966 554 3026 scholiis
578 2957 613 3047 8)
637 2965 771 3025 dubitari
793 2985 853 3046 non
875 2984 964 3041 posse
988 2967 1119 3042 censuit,
1147 2966 1219 3041 quin
1243 2966 1305 3026 solo

207 3191 251 3258 11)
271 3188 440 3259 scriptorem
456 3188 559 3243 Christi
576 3188 712 3258 patientis
726 3188 799 3256 dico,
817 3188 934 3243 Porsoni
952 3190 1063 3242 secutus
1081 3189 1240 3257 exemplum
1258 3189 1306 3259 (ad

136 3259 199 3314 Eur.
211 3261 256 3315 Or.
268 3265 343 3329 887);
362 3262 461 3329 ingens
480 3260 552 3314 enim
572 3260 653 3316 labor
670 3277 767 3315 vereor
783 3278 819 3315 ne
832 3260 938 3313 frustra
951 3259 1093 3328 impensus
1108 3258 1146 3313 sit
1159 3260 1304 3316 Brambsio

136 3333 180 3400 (de
194 3334 267 3387 auct.
282 3336 346 3401 trag
369 3330 476 3399 Graec,
495 3348 567 3400 quae
584 3331 701 3386 inscribi
720 3332 794 3386 solet
807 3333 836 3386 Χ.
851 3350 879 3388 π,
895 3331 961 3386 diss.
976 3331 1084 3385 Monac.
1097 3333 1177 3396 1883)
1190 3331 1304 3386 demon-

136 3403 237 3457 stranti
263 3404 338 3457 hunc
365 3404 513 3457 centonem
536 3402 683 3458 Theodoro
709 3400 862 3457 Prodromo
891 3401 995 3458 deberi.
1032 3401 1164 3456 Delibera
1193 3419 1304 3472 quaeso,

136 3491 251 3542 quorum
270 3476 417 3542 poetarum
436 3491 452 3529 1
471 3473 640 3528 carminibus
660 3473 706 3527 hic
725 3476 806 3528 cento
822 3473 1032 3528 consarcinatus
1048 3473 1097 3527 sit:
1115 3490 1207 3528 nonne
1222 3474 1305 3529 mira·

135 3545 217 3613 beris,
236 3562 285 3599 cur
299 3546 368 3600 haec
382 3546 437 3599 sibi
451 3545 570 3599 maxime
585 3542 704 3615 elegerit
717 3543 887 3613 Theodorus,
903 3563 952 3600 cur
964 3560 1054 3613 neque
1068 3542 1201 3613 Aeschyli
1214 3562 1305 3614 neque

136 3616 275 3687 Euripidis
295 3615 454 3671 exhauserit
470 3615 576 3671 triades
594 3614 764 3686 Byzantinas
782 3615 952 3685 (Phoenissis
971 3616 1054 3681 enim,
1073 3615 1195 3686 Septem,
1213 3615 1305 3672 Persis

136 3704 199 3741 usus
218 3702 273 3741 non
292 3690 353 3755 111),
372 3705 439 3742 1111
458 3687 495 3742 111
512 3687 616 3743 fabulis
639 3687 805 3754 rarioribus,
830 3688 878 3741 sed
902 3704 937 3740 ne
960 3687 995 3741 iis
1020 3686 1133 3753 quidem
1157 3686 1304 3742 omnibus?

139 3757 208 3811 Mihi
221 3757 276 3813 hac
289 3759 353 3828 ipsa
366 3776 396 3812 re
410 3757 522 3813 videtur
535 3758 649 3828 probari
663 3759 738 3813 hune
755 3759 870 3828 poetam
888 3776 945 3813 non
962 3755 1049 3812 fuisse
1069 3758 1209 3812 hominem
1227 3757 1304 3814 litte·

137 3831 241 3894 ratum‚
264 3828 352 3884 fuisse
375 3830 507 3883 clericum
530 3829 696 3884 monasterii
714 3829 834 3884 alicuius
849 3831 880 3883 in
898 3828 1049 3885 solitudine
1073 3829 1235 3899 degentem,
1259 3830 1305 3885 111

137 3917 197 3955 uum
216 3900 288 3954 nihil
307 3902 382 3955 esset
400 3902 511 3970 praesto
531 3904 676 3970 poetarum
696 3902 878 3970 antiquorum
895 3900 950 3954 nisi
968 3899 1100 3970 Aeschyli
1120 3902 1303 3956 Prometheus

136 3973 164 4025 et
180 3973 367 4041 Agamemno,
385 3971 577 4041 Lycophronis
596 3972 768 4039 Alexandra,
787 3970 929 4042 Euripidis
948 3971 1061 4026 fabulae
1080 3972 1250 4041 complures,
1270 3990 1304 4027 ex

135 4041 177 4096 his
196 4046 343 4097 centonem
362 4042 474 4097 efficere
493 4060 556 4097 eum
576 4044 762 4099 const'tuisse.
799 4043 846 4097 llli
864 4060 928 4097 cum
946 4041 1122 4098 intellectum
1140 4044 1199 4098 cius
1222 4061 1303 4113 supe·

135 4117 241 4180 rarent,
265 4130 329 4168 raro
353 4130 400 4169 eos
419 4114 546 4170 imitatus
565 4116 620 4179 est,
639 4113 782 4185 Euripidis
801 4115 954 4168 dictionem
972 4113 1129 4168 faciliorem
1147 4115 1302 4181 intellectu,

136 4184 159 4238 si
176 4186 238 4254 quis
257 4184 288 4238 in
311 4186 455 4255 superficie
478 4185 649 4253 substiterit,
672 4189 808 4256 perpetuo
832 4185 976 4254 expressit.
1012 4184 1188 4240 Theodorum
1210 4186 1302 4254 ipsum

136 4271 244 4325 quoque
263 4256 293 4311 in
310 4258 481 4312 monasterio
501 4256 575 4312 diem
590 4274 750 4324 supremum
765 4255 867 4311 obiisse
881 4256 953 4322 seio;
972 4257 1022 4310 sed
1037 4256 1173 4325 cumipse
1187 4257 1302 4312 Bramb·

136 4327 190 4380 sius
208 4330 293 4382 vocat
310 4328 533 4397 grammaticum.
572 4326 809 4382 similitudinibus
828 4331 922 4384 antem
941 4326 1046 4383 abillo
1070 4327 1209 4397 congestis
1233 4328 1302 4382 certi

135 4398 206 4452 effici
224 4398 295 4453 nihil
314 4401 375 4454 tam
395 4401 492 4469 palam
510 4402 562 4467 est,
581 4402 614 4452 ut
632 4399 666 4453 de
684 4400 719 4453 iis
738 4400 823 4454 serbo
842 4398 934 4454 dicere
954 4417 1023 4470 opus
1042 4416 1097 4453 non
1116 4399 1160 4453 sit.
