3050 5109
385 232 622 288 Lucubrationum
641 230 856 303 Euripidearum
873 232 968 304 capita
987 228 1098 288 selecta.
1259 232 1324 297 291

154 403 223 463 Non
242 405 312 462 sunt
330 403 463 478 profecto
482 402 538 461 hae
553 401 732 462 offensiones
746 403 842 478 leves3
861 404 958 463 restat
970 406 1072 463 tamen
1086 402 1182 462 multo
1197 404 1326 479 gravior.

156 494 216 553 Fac
234 510 347 570 quaeso
366 510 398 551 so
418 491 599 568 excipientes
618 512 665 552 ντ.
687 493 772 551 1176
792 494 823 550 et
842 494 926 551 1182

157 619 241 677 1173
276 611 343 678 Oto.
366 612 386 691 ἦ
405 612 466 690 γὰρ
486 611 613 676 δίδωειν
631 612 689 690 ἥδε
708 631 769 686 εοι;
795 612 868 689 Θερ.
887 610 1011 689 pdlrcr’
1029 610 1108 678 ἄναξ

276 700 342 767 Οἰδ.
366 699 411 764 rire
429 701 511 780 πρὸ(
529 700 558 764 τί
577 700 697 779 χρεὶαε;
724 701 797 779 Θερ.
821 700 865 764 irc
885 698 1079 779 ἀναλῶεαιμί
1099 721 1158 766 νιν.

157 796 241 855 1175
278 790 345 856 Oto.
368 793 503 854 τεκοῦεα
516 791 659 872 τλήμων;
685 790 757 868 Θερ.
782 787 950 868 θειφὰτων
969 787 1004 867 γ’
1022 788 1108 873 ὄκνῳ
1127 794 1242 854 κακῶν.

157 886 242 944 1176
277 879 344 945 Οἰδ.
368 878 485 954 ποίων;
510 879 584 957 Θερ.
602 883 729 943 κτανεῖν
749 898 799 943 νιν
817 880 893 943 τοὺς
913 877 1066 944 τεκόντα(
1084 880 1124 959 ήν
1144 879 1250 956 λόγοι.

156 975 242 1032 1182
277 967 344 1035 Οἰδ.
369 967 419 1032 ἰοὺ
439 967 502 1033 ἰού·
525 967 566 1031 τὰ
584 964 682 1031 πάντ’
701 965 756 1045 ἄρ’
770 969 871 1048 ἐξήκει
890 973 984 1047 εαφῆ.

359 1055 394 1127 ,ὠ
413 1060 485 1136 φῶ(
503 1055 691 1121 τελευταῖόν
710 1077 742 1121 εε
762 1058 995 1136 προεβλέψαιμι
1013 1060 1085 1135 νῦν,

367 1144 451 1210 ὅττι(
470 1147 633 1225 πέφαεμαι
651 1146 715 1225 φύε
733 1144 767 1210 τ’
785 1143 847 1225 ἀφ’
866 1143 913 1209 ῶν
927 1145 966 1210 οὐ
985 1150 1067 1226 χρῆν
1085 1148 1141 1211 ξὺν
1160 1144 1209 1211 olc
1227 1144 1260 1209 r'

367 1235 407 1299 οὐ
427 1241 506 1315 χρῆν
526 1234 660 1314 ὁμιλῶν,
679 1235 736 1300 ode
754 1237 791 1300 τέ
810 1232 844 1314 μ’
863 1235 922 1299 οὐκ
941 1235 1039 1314 ἐχρῆν
1057 1236 1193 1300 κτανών.

152 1383 220 1442 Nou
247 1401 374 1459 quaero,
397 1401 470 1440 num
497 1381 546 1442 hio
570 1381 733 1458 quidquam
761 1382 961 1462 desideretur3
995 1382 1071 1441 illud
1102 1400 1227 1457 quaero,
1254 1401 1326 1441 num

153 1472 250 1548 possit
268 1473 431 1548 quidquam
450 1470 528 1531 addi.
565 1470 710 1530 Ultimanr
729 1468 863 1547 Oedipus
886 1490 905 1529 a
923 1489 1009 1531 seruo
1033 1472 1180 1547 expressit
1201 1471 1324 1532 infaust‘

153 1561 252 1620 nuntii
266 1562 461 1637 particulam
475 1578 553 1618 nunc
566 1562 670 1618 utrum
682 1578 805 1621 necesso
819 1563 867 1620 cst
880 1578 1040 1620 concussus
1055 1561 1153 1620 animo
1168 1564 1199 1620 et
1212 1561 1326 1620 fractus

153 1651 243 1710 abeat
261 1650 340 1709 intro
360 1668 398 1709 an
417 1652 551 1728 quaerat,
571 1667 647 1726 quae
665 1649 740 1708 scire
760 1649 842 1708 illius
860 1649 935 1708 nihil
953 1641 1138 1729 intersitl³⁹)

577 1920 687 1990 capnt
708 1920 903 1990 septimum.

243 2058 401 2119 Saeculum
419 2060 483 2120 fere
500 2058 671 2136 praeteriit,
695 2077 731 2116 ex
749 2078 808 2134 quo
830 2059 910 2118 inter
934 2077 965 2118 se
988 2060 1107 2118 certant
1129 2058 1327 2135 grammatici,

155 2148 310 2225 Sophoclis
329 2148 530 2225 Aeschylique
549 2148 682 2208 recensio
705 2151 809 2206 utrum
834 2149 889 2208 soli
913 2147 1007 2207 codici
1025 2147 1227 2207 Laurentiano
1250 2149 1326 2223 plut.

155 2240 206 2312 32,
227 2240 245 2298 9
265 2238 354 2297 inniti
377 2238 486 2297 debeat
504 2255 543 2296 an
561 2237 613 2297 alii
630 2237 798 2297 incensum
816 2237 941 2297 vocandi
960 2236 1021 2297 sint
1034 2236 1105 2296 libri
1118 2237 1324 2312 manuscripti,

154 2330 185 2386 et
202 2327 300 2386 adhuc
319 2327 374 2385 sub
393 2326 489 2386 iudice
508 2326 545 2385 lis
565 2329 619 2385 est.
656 2324 762 2403 Neque
785 2326 904 2386 videtur
926 2326 980 2385 illa
997 2325 1133 2403 quaestio
1157 2326 1202 2385 ita
1220 2326 1326 2386 diiudi-

153 2417 215 2476 cari
233 2434 333 2492 posse,
356 2419 391 2474 ut
410 2414 506 2475 omnis
524 2418 714 2476 removeatur
739 2414 902 2492 dubitatio,
929 2417 1090 2492 antequam
1115 2419 1196 2475 certo
1215 2417 1257 2475 sit
1279 2417 1327 2474 de-

153 2508 367 2581 monstratum,
391 2507 535 2581 quantum
558 2504 590 2563 in
612 2505 677 2563 arte
701 2504 804 2564 critica
827 2503 993 2563 factitando
1011 2504 1142 2564 tribuere
1164 2505 1254 2564 liceat
1268 2504 1328 2581 By-

153 2593 289 2654 zantinis.
338 2593 475 2654 Solemus
507 2613 561 2653 nos
596 2593 790 2653 sciolorum
817 2593 938 2654 illorum
970 2594 1327 2669 magistellorumque

156 2683 343 2760 ingeniola
365 2684 479 2742 adrmco
502 2702 577 2742 nasu
600 2683 793 2758 suspendere,
817 2669 914 2742 lenius
933 2682 1041 2756 acturi,
1066 2681 1091 2741 si
1110 2686 1255 2757 quantum
1273 2682 1328 2742 sci·

155 2772 250 2832 risset
264 2773 469 2849 contemptum
484 2772 559 2831 illud
573 2790 668 2848 genus
682 2772 846 2848 hominum,
864 2771 923 2849 ipsi
937 2771 1012 2831 scire
1026 2789 1206 2832 curaremus.
1235 2772 1328 2830 Velut

158 2862 196 2920 ab
215 2860 252 2921 iis
271 2862 323 2938 qui
341 2863 460 2920 unicam
478 2860 603 2921 Medicei
621 2860 833 2920 auctoritatem
850 2861 1042 2938 impugnant,
1065 2862 1182 2937 quando
1206 2860 1328 2920 tandem

157 2950 310 3011 desinatur
328 2950 452 3027 produci
471 2949 625 3027 Sophoclis
643 2948 719 3008 illud
738 2942 801 3032 (Aa
812 2945 870 3031 28)

368 3067 463 3150 τήνδ’
481 3067 541 3135 οὖν
559 3068 671 3154 ἐκείνῳ
691 3071 753 3133 πᾶ(
772 3089 818 3134 τι(
837 3068 942 3135 αἰτίαν
960 3071 1048 3151 νέμει

369 3161 470 3239 (νέμει
489 3158 583 3225 ‘codd
602 3166 674 3225 vett.
693 3157 848 3225 Bnmclrii'
867 3162 978 3240 τρέπει
996 3157 1059 3247 L)?

156 3307 243 3383 quasi
261 3307 422 3368 obtusioris
440 3308 532 3367 fuerit
550 3307 665 3384 ingenii
683 3309 733 3367 vel
751 3308 823 3368 Eur.
843 3307 936 3368 Andr.
953 3309 1037 3368 1115

367 3428 468 3512 τῷδέ
487 3429 620 3507 ξιφήρη(
639 3424 693 3506 ἄρ’
712 3426 892 3508 ὑφειετήκει
910 3428 1009 3508 λόχοι

370 3515 479 3601 δάφνῃ
498 3514 649 3582 εκιαεθείε

155 3647 285 3707 scribere
303 3640 412 3726 δάφνῃ
438 3641 605 3707 πακαεθείε
634 3675 676 3687 -
700 3647 785 3722 atqui
808 3648 929 3723 scripsit
951 3648 1106 3724 archetypi
1130 3645 1212 3707 codd.
1231 3645 1327 3707 Florr.

156 3735 266 3814 Vossii,
286 3739 338 3811 31,
359 3737 400 3795 10
415 3737 447 3795 et
460 3737 512 3811 31,
533 3735 730 3797 151ibrarius
748 3767 785 3777 -
803 3738 852 3796 vel
869 3738 909 3797 ib.
922 3737 1008 3796 1150

368 3854 531 3940 ὀξυθήκτῳ
550 3855 674 3935 πλευρὰ
692 3855 849 3934 φαεγάνω
868 3856 977 3923 τυπείς

245 4103 291 4172 39)
309 4100 408 4170 Neque
427 4100 511 4157 aliter
529 4119 588 4156 rem
605 4101 730 4159 instituit
749 4103 856 4159 Seneca
873 4103 941 4159 Oed.
962 4109 1028 4160 867:

227 4207 295 4263 Oed.
315 4226 372 4278 qua
389 4212 478 4264 matre
497 4209 627 4281 genitus?
664 4210 746 4267 Phor.
767 4210 885 4283 coniuge
904 4214 948 4267 est
966 4210 1077 4281 genitus
1095 4215 1153 4267 tra.
1222 4277 1224 4280 ¹

227 4279 295 4336 Oed.
314 4279 444 4349 Dehisce,
462 4281 573 4344 tellus„
591 4281 690 4350 Tuque
708 4284 891 4339 tenebrarum
908 4286 1024 4355 potens,

315 4352 348 4406 In
367 4353 485 4408 Tartara
502 4353 569 4422 ima,
587 4354 680 4407 rector
698 4355 867 4424 umbrarum,
887 4373 955 4426 rape

314 4424 402 4479 Retro
420 4440 549 4479 reversas
569 4423 680 4493 generis
699 4441 732 4480 ao
751 4425 847 4497 stirpis
866 4426 950 4483 vices.

1062 4515 1115 4570 19*
