3050 5109
230 223 297 288 270
689 228 812 282 Evaldus
829 228 937 282 Bruhn:

227 392 285 539 {ed
305 396 340 452 ut
358 413 474 454 omnem
499 394 641 471 effugiam
660 396 894 474 cavillationem,
918 417 946 457 ν.
967 398 1030 458 706
1056 398 1220 457 absurdum
1239 415 1305 457 esse
1324 398 1400 502 vidit

254 482 422 631 mhtlldds
440 566 585 634 δέιποιν
606 568 691 647 ἔχει(
710 571 769 648 μὲν
786 569 871 649 τάμὰ
894 572 1073 649 perpacem
1092 570 1185 635 κακά

439 658 477 721 τὸ
495 659 557 737 γὰρ
580 654 699 724 δάκνον
722 680 779 722 του
798 662 857 737 τὴν
875 658 1045 735 οιάγνυιιιν
1063 664 1185 737 κρατεῖ·

439 746 560 825 ἔχωδὲ
579 747 667 825 κάγὼ
687 749 769 826 πρὸ(
786 746 870 826 τάδ’,
890 748 917 812 εἰ
937 750 1027 827 δέξει,
1048 750 1163 824 λέγειν

324 885 408 967 ἔχει(
431 888 514 967 τάμὰ
547 891 725 970 μέμψαιθαι
751 892 832 954 κακά
855 895 873 955 1.
898 914 922 954 e.
942 916 969 970 q.
992 896 1086 956 habes
1109 914 1185 970 quae
1208 895 1286 954 male
1309 915 1328 955 a
1351 916 1399 955 me

229 985 317 1057 gesta
338 984 540 1058 reprehendas
563 985 582 1042 i.
602 1004 627 1043 e.
650 1002 709 1044 non
733 983 797 1044 sine
820 985 885 1043 iure
911 1003 958 1043 me
977 985 1179 1061 reprehendis.
1217 983 1308 1044 Cuius
1329 986 1402 1044 dicti
1516 993 1517 1062 l

228 1088 319 1129 causa
337 1074 368 1130 et
389 1073 467 1132 ratio
486 1072 622 1132 adfertur
640 1073 726 1133 haec:
745 1073 945 1149 Aegritudine
962 1073 1019 1132 tibi
1035 1073 1229 1149 praepeditur
1246 1074 1399 1135 iudicium.
1516 1091 1517 1128 1

227 1158 331 1219 Eieoto
350 1160 406 1219 hoc
424 1180 515 1221 versu
533 1152 600 1241 (qui
613 1162 687 1220 mihi
700 1162 823 1222 videtur
836 1162 954 1221 facilius
974 1162 1030 1222 eici
1044 1183 1134 1238 quam
1148 1163 1261 1222 inserto
1276 1156 1301 1221 τ’
1316 1159 1400 1222 εἰκός
1516 1197 1517 1242 l

226 1240 361 1329 corrigi),
379 1251 452 1309 haec
471 1251 572 1311 evadit
589 1271 781 1312 numerorum
800 1243 954 1333 series²⁵):
1032 1307 1034 1310 .
1516 1265 1517 1272 ’

480 1373 602 1452 a÷n
694 1373 919 1453 2†7†2
1013 1374 1148 1451 ιιι,

233 1518 292 1575 qua
309 1499 383 1557 mihi
402 1499 522 1575 quidem
541 1500 661 1560 videtur
679 1500 868 1561 satisfactum
887 1503 946 1560 arti
964 1501 1126 1576 Euripidis.

314 1587 412 1648 Schol.
432 1589 496 1649 Alc.
516 1593 580 1651 447
601 1592 765 1650 cavendum
784 1593 832 1649 est
849 1609 887 1649 ne
905 1590 936 1649 in
955 1609 1086 1649 errorem
1105 1589 1303 1665 abripiamur:

328 1714 392 1772 445
484 1710 591 1773 πολλά
610 1731 642 1774 ιε
663 1710 859 1789 μουιοπόλοι
905 1719 915 1742 ¹

480 1802 635 1878 μέλψουτι
654 1797 726 1864 καθ’
746 1798 927 1863 ἑπτάτονόν
945 1796 978 1862 τ’
998 1798 1108 1877 ὀρείαν

481 1890 578 1966 χέλυν
601 1888 638 1953 ἔν
661 1886 693 1951 τ’
717 1887 848 1967 ἀλύροις
867 1889 1017 1952 κλέοντετ
1037 1888 1147 1965 ὕμνοι(

222 2054 251 2109 p.
277 2035 349 2110 102,
374 2037 392 2093 3
419 2030 548 2109 οὐρείαν
569 2032 681 2111 χέλυνι
705 2034 764 2110 τὴν
788 2032 902 2110 λύραν.
937 2030 1002 2094 ἀπὸ
1022 2036 1079 2110 τῆ(
1102 2030 1248 2109 χελώνη(
1270 2030 1397 2111 ὀρεινῇ(

221 2119 241 2195 ἡ
271 2119 352 2196 λύρα
380 2119 473 2184 ἐςτίν.
506 2120 562 2184 eici
590 2121 625 2183 δὲ
657 2122 709 2184 καὶ
735 2119 877 2199 ἔνυδροι·
910 2122 960 2184 διὸ
989 2119 1099 2198 ὀρείαν
1127 2118 1225 2183 εἶπεν.
1262 2118 1396 2184 Ἄλλως.

222 2209 366 2271 τουτέιτι
390 2210 468 2287 μετὰ
491 2210 598 2288 λύραι.
626 2210 677 2273 καὶ
701 2209 789 2287 παρὰ
812 2210 973 2288 (οφοκλεῑ
995 2210 1031 2272 ἐν
1055 2208 1162 2273 Αἴαντι
1182 2209 1308 2292 Λοκρῷ·
1333 2207 1396 2273 ‘rol

222 2296 303 2361 πεζὰ
331 2298 382 2361 καὶ
410 2297 584 2377 φορμικτά’
616 2299 675 2363 καὶ
698 2300 809 2364 πεζαὶ
833 2300 872 2362 δέ
896 2318 998 2362 τινε(
1022 2298 1171 2376 ἑταῖραι
1201 2299 1395 2377 λέγονται,

222 2385 258 2447 αἳ
283 2387 399 2465 χωρὶς
427 2387 600 2466 ὀργάνου
629 2386 683 2452 εἰ(
710 2388 755 2451 τὰ
784 2387 969 2466 (υμπόιια
992 2391 1188 2466 φοιτῶτιν.
1217 2386 1395 2451 ἑπτάτονοι

223 2476 333 2552 χέλυος
358 2474 428 2539 ἀντὶ
451 2481 509 2540 τοῦ
529 2475 738 2555 ἑπτάχορδοτ.
778 2480 987 2540 Consideranti
1015 2500 1051 2540 ea
1076 2500 1152 2558 quae
1180 2480 1228 2539 bic
1254 2480 1397 2557 exscripsi

221 2566 290 2626 inde
309 2569 348 2627 ab
363 2563 488 2630 Ἄλλοι(
507 2589 602 2648 usqne
621 2571 659 2630 ad
680 2570 843 2645 φοιτῶιιν,
861 2570 1020 2646 adparebit
1038 2570 1138 2629 verbis
1157 2566 1298 2628 τουτέττι
1318 2566 1396 2643 μετὰ

221 2652 320 2730 λύραι
344 2658 485 2734 explicari
504 2660 579 2719 illud
606 2652 678 2719 καθ’
698 2654 879 2719 ἑπτάτονον
898 2654 1007 2732 ὀρείαν
1026 2657 1138 2742 χέλυν,
1167 2660 1302 2734 proxima
1327 2678 1394 2717 cum

220 2745 275 2804 hoc
288 2746 372 2806 nullo
387 2747 505 2807 vinculo
521 2768 632 2808 conexa
647 2768 720 2808 esse.
748 2749 790 2808 Et
803 2749 904 2825 priora
917 2748 1037 2823 quidem
1051 2741 1118 2828 (καὶ
1132 2743 1220 2821 παρὰ
1234 2744 1395 2821 (οφοκλεῑ

221 2861 263 2876 -
279 2832 453 2916 φορμικτά)
468 2856 521 2897 cur
540 2858 558 2897 a
573 2838 737 2898 scholiasta
750 2838 863 2914 scripta
877 2838 945 2913 sint,
965 2837 1110 2913 suspicari
1125 2840 1205 2897 certe
1218 2855 1394 2913 possumus3

219 2925 340 2984 uolebat
359 2926 411 2985 ille
430 2927 570 2987 videlicet
584 2927 712 2987 similem
732 2927 948 3003 oppositionem
969 2929 1059 3002 atque
1078 2945 1154 3001 quae
1173 2926 1301 2984 interest
1314 2926 1394 2984 inter

219 3007 292 3074 καθ’
312 3010 493 3076 ἑπτάτονον
512 3011 622 3091 ὀρείαν
642 3013 742 3089 λύραν
767 3021 798 3074 et
822 3010 952 3090 ἀλύροις
977 3011 1088 3089 ὕμνοι(
1111 3016 1237 3074 adferre.
1274 3014 1317 3072 At
1341 3034 1394 3074 cur

219 3101 327 3174 adiecit
355 3106 532 3181 sequentia?
571 3106 677 3165 Nonne
701 3106 895 3164 statuendum
923 3110 971 3164 est
997 3104 1148 3166 invenisse
1176 3125 1243 3163 eum
1271 3103 1393 3179 aliquid,

218 3194 298 3267 quod
318 3193 456 3255 similiter
475 3195 586 3254 dictum
607 3198 689 3254 esset
712 3197 802 3269 atque
824 3194 901 3252 illud
925 3188 1021 3254 uelde
1044 3194 1075 3254 in
1098 3213 1188 3254 versu
1207 3191 1393 3269 Sophocleo?

219 3281 292 3341 Tale
311 3286 412 3342 autem
430 3285 609 3356 vocabulum
633 3303 700 3343 cum
724 3284 851 3344 inveniri
870 3283 920 3342 vix
944 3282 1048 3359 possit,
1074 3302 1172 3342 nonne
1195 3282 1294 3359 ipsum
1317 3282 1392 3340 illud

218 3366 315 3432 uelde
334 3374 382 3433 hic
400 3373 593 3433 inserendum
612 3372 678 3433 est?

306 3462 424 3521 Nubem
449 3481 502 3523 nos
526 3463 667 3540 amplecti
690 3462 900 3539 intellegemus
927 3462 961 3521 cl.
988 3461 1075 3522 Phot.
1100 3481 1122 3520 a.
1145 3481 1174 3522 v.
1199 3460 1286 3538 πεζῷ
1311 3454 1389 3538 γόῳ.

218 3541 296 3608 ἄνευ
325 3546 426 3611 αὐλοῦ
454 3549 473 3627 ἢ
498 3548 611 3626 λύραι,
645 3546 690 3611 ὼ(
718 3547 769 3610 καὶ
793 3547 885 3611 πεζαὶ
908 3546 1031 3624 ἑταῖραι
1059 3545 1091 3608 αἱ
1115 3546 1212 3624 χωρὶ(
1239 3543 1390 3622 ὀργάνων

218 3640 439 3713 μιτθαρνοῦται
449 3631 573 3721 (similia
583 3640 715 3716 conlegit
724 3640 885 3714 Porsonus,
898 3640 1030 3699 adversa.
1040 3633 1129 3719 268),
1138 3639 1218 3697 unde
1229 3637 1389 3697 conicimus

218 3727 410 3788 scholiastam
433 3733 557 3807 propter
575 3749 696 3790 causam
722 3748 814 3805 supra
838 3729 1017 3805 explicatam
1039 3729 1157 3788 adferre
1181 3726 1312 3787 voluisse
1338 3725 1391 3785 So-

217 3816 332 3891 phoclis
346 3818 422 3877 illud
437 3839 474 3878 ex
483 3819 574 3879 Aiace
584 3819 733 3879 Locrensi.
762 3817 847 3888 Quod
863 3838 929 3877 cnm
944 3838 1002 3878 non
1018 3819 1091 3877 satis
1105 3819 1223 3877 teneret
1235 3816 1389 3890 memoria,

190 3951 191 3954 ,
216 3904 332 3966 lexicon
351 3926 438 3967 snum
458 3909 579 3983 evolvit,
604 3909 636 3967 in
654 3929 712 3985 quo
731 3926 755 3967 s.
774 3927 802 3966 v.
821 3901 918 3967 uelde
941 3927 1008 3966 eum
1027 3908 1126 3967 locum
1143 3906 1272 3967 inveniri
1291 3905 1390 3965 sciret.

285 4061 351 4157 τ25)
371 4061 464 4114 Nolim
485 4061 539 4115 hoc
557 4058 600 4114 ita
622 4059 721 4129 accipi,
745 4059 826 4127 quasi
849 4059 1003 4129 probentur
1025 4060 1097 4113 mihi
1120 4057 1268 4115 conamina
1291 4072 1388 4111 eorum

217 4129 265 4198 qui
285 4130 327 4184 ‘in
346 4132 492 4185 numerato
511 4132 627 4186 habent’
647 4129 822 4211 tragoediam
841 4131 985 4185 Graecam.
1015 4130 1070 4185 Sed
1088 4130 1137 4199 qui
1154 4129 1327 4184 facetissime
1346 4146 1389 4182 re·

216 4199 321 4256 tutavit
346 4202 592 4272 ‘yPthagcriatas’
620 4202 739 4257 detectis
764 4200 903 4263 similibus
926 4219 1104 4257 numerorum
1127 4199 1284 4256 rationibus
1312 4200 1389 4269 apud

218 4272 386 4328 Schillerum
401 4276 429 4329 et
444 4274 594 4329 Goethium
608 4272 828 4340 Heimsoethius,
846 4273 921 4327 idem
940 4272 1046 4328 invitus
1061 4271 1268 4328 demonstravit
1281 4271 1390 4339 aliquid

218 4343 278 4398 veri
292 4343 404 4399 illorum
420 4345 520 4399 studiis
530 4346 655 4401 subesse
674 4344 745 4399 illud
760 4345 823 4420 dico
839 4361 935 4399 omnes
948 4346 1048 4414 poetas
1063 4345 1147 4399 etiam
1163 4344 1271 4397 nescios
1285 4358 1391 4411 aequa-

217 4415 339 4471 bilitatis
359 4418 451 4471 studio
470 4418 592 4486 quodam
610 4416 682 4471 duci
