3050 5109
604 1110 714 1179 caput
735 1108 895 1179 primum.

253 1247 500 1308 Coniecturarum
518 1246 714 1305 fabricatores
737 1247 905 1307 vocitamur
922 1244 1069 1321 philologi
1092 1246 1216 1321 avolgo
1240 1249 1271 1303 et
1293 1246 1337 1303 in-

164 1340 251 1398 docto
270 1342 302 1397 et
320 1336 416 1396 docto.
451 1334 514 1394 Nec
532 1338 635 1411 potest
652 1336 757 1411 negari
776 1336 1013 1394 coniecturarum
1030 1334 1160 1409 proferri
1177 1334 1336 1410 plerasque

165 1428 203 1487 ab
222 1428 259 1485 iis
280 1427 331 1502 qui
350 1425 428 1485 circa
453 1424 508 1483 hoc
532 1442 626 1500 genus
651 1425 819 1483 studiorum
842 1427 1010 1483 versantur.
1046 1423 1208 1499 Exspectes
1231 1424 1269 1483 ab
1287 1425 1337 1482 iis·

165 1514 233 1575 dem
257 1532 451 1591 quaecunque
479 1513 555 1573 scire
574 1516 655 1572 esset
682 1513 756 1572 utile
785 1513 985 1572 coniecturam
1006 1513 1201 1589 excogitanti,
1226 1512 1338 1572 studio-

166 1604 284 1665 sissime
308 1622 373 1663 esse
398 1602 538 1662 conlecta.
577 1601 662 1672 Quod
686 1591 772 1661 secus
796 1607 857 1661 est:
883 1602 993 1660 etenim
1018 1602 1043 1660 si
1063 1602 1182 1660 hstium
1207 1601 1337 1677 excipias

164 1685 263 1775 (cuius
287 1712 342 1770 ego
365 1692 477 1751 librum
500 1692 537 1750 de
555 1690 779 1750 hermeneutica
805 1695 836 1750 et
854 1691 957 1750 critica
979 1689 1156 1766 inscriptum
1174 1710 1233 1749 non
1250 1687 1338 1771 ridi),

165 1803 181 1842 e
199 1782 361 1858 philologis
385 1781 475 1839 huius
499 1780 608 1840 aetatis
637 1781 694 1839 soli
716 1779 772 1839 has
791 1783 871 1839 artes
894 1779 1150 1838 adumbraverunt
1169 1779 1337 1839 Boechhius

164 1868 339 1948 (Euryclop.
365 1890 393 1929 u.
417 1869 580 1929 Methodol.
608 1870 635 1927 d.
660 1869 753 1943 philol
788 1868 972 1928 Wissensch.
1000 1871 1040 1927 79
1061 1862 1114 1947 ss.)
1146 1870 1178 1927 et
1202 1869 1337 1928 Blassius

166 1956 315 2039 (Mueller,
334 1957 451 2018 Handb.
471 1957 499 2017 d.
517 1958 608 2018 klass.
624 1956 986 2017 Alterthumswissensch.
1005 1957 1028 2030 I,
1049 1949 1183 2037 wisa).
1213 1955 1337 2017 critices

166 2051 268 2108 autem
287 2068 354 2108 cum
371 2048 550 2123 particulam
569 2038 719 2123 quandam
738 2065 892 2106 secernere
911 2046 1002 2105 liceat
1021 2065 1099 2123 eam,
1118 2065 1196 2122 quae
1213 2047 1288 2106 vitia
1306 2048 1338 2105 in

164 2138 248 2196 libris
269 2138 447 2212 scriptorum
465 2136 657 2212 antiquorum
671 2136 759 2195 obvia
775 2136 901 2210 explicet
915 2136 994 2193 unde
1008 2138 1079 2194 nata
1093 2135 1162 2208 sint,
1182 2155 1242 2212 qua
1251 2139 1338 2210 parte

165 2228 203 2286 ad
223 2226 442 2285 emendandum
460 2225 575 2283 nullam
599 2243 665 2284 esse
688 2226 785 2299 magis
809 2225 1009 2283 necessariam
1031 2225 1063 2282 in
1081 2226 1185 2299 aprico
1206 2227 1266 2283 est:
1290 2225 1338 2284 hic

164 2316 267 2392 plures
292 2333 413 2390 operam
436 2314 678 2390 conlocaverunt3
708 2332 724 2372 e
748 2315 857 2390 quibus
884 2314 1044 2389 praecipue
1069 2313 1241 2372 nominandi
1268 2317 1339 2373 sunt

164 2405 299 2480 Bastius,
317 2402 481 2480 Madricus,
501 2401 632 2462 Cebetas
639 2393 674 2484 1).
708 2402 824 2460 Horum
843 2422 900 2479 ego
918 2403 1052 2462 virorum
1072 2403 1108 2460 de
1126 2403 1216 2462 laude
1230 2403 1338 2462 merita

165 2495 191 2552 si
209 2494 259 2554 vel
277 2492 434 2552 tantillum*
451 2491 609 2551 detrahere
629 2510 760 2568 conarer,
778 2491 900 2567 ineptus
921 2510 1029 2567 essem,
1047 2490 1139 2550 immo
1159 2492 1196 2551 de
1209 2491 1338 2551 Madrici

165 2601 256 2658 opera
269 2581 467 2641 iniustissime
481 2580 555 2639 mihi
566 2580 664 2640 videri
673 2579 833 2639 Lehrsium
847 2581 994 2639 iudicasse
1008 2580 1162 2657 profiteor,
1178 2582 1230 2640 sed
1245 2601 1337 2639 unum

164 2671 251 2730 iniis
274 2671 403 2747 requiro.
441 2668 527 2739 Quod
551 2669 639 2745 quale
663 2669 704 2728 sit
725 2670 812 2728 facile
835 2669 985 2728 indicatur
1008 2669 1135 2727 Senecae
1158 2670 1258 2729 verbis
1281 2670 1337 2744 his,

166 2760 292 2836 quaein
311 2760 440 2835 epistula
457 2757 538 2817 XCV
556 2759 670 2833 posuit:
693 2757 850 2817 Imbecilla
869 2762 939 2817 suut
962 2761 1005 2834 et,
1031 2756 1254 2834 utitadiea1n⁰,
1273 2759 1337 2818 sine

163 2849 274 2923 radice,
294 2867 386 2923 quae
405 2847 581 2921 partibus
600 2846 740 2905 dantur.
767 2846 818 2904 Illi
833 2846 946 2906 scilicet
963 2849 1123 2921 praecepta
1136 2846 1283 2906 dederunt
1301 2849 1337 2907 de
1361 2867 1363 2870 ’

166 2940 231 2996 arte
250 2935 444 2995 coniecturali
457 2935 633 3013 utilissima3
653 2939 749 2994 artem
768 2936 865 3010 ipsam
882 2954 942 2995 non
960 2935 1157 2995 confecerunt.
1185 2936 1244 2993 Ars
1259 2937 1337 2995 enim

165 3044 184 3084 a
202 3026 354 3101 principiis
373 3024 509 3099 profecta
527 3043 628 3084 rerum
648 3042 751 3083 causas
772 3024 916 3100 explicat3
941 3023 1024 3100 atqui
1042 3024 1095 3082 ubi
1113 3024 1337 3084 distinxerimus

164 3133 241 3190 quae
265 3113 400 3173 consulto
419 3131 554 3189 quaeque
576 3113 664 3173 inviti
687 3112 846 3171 intulerint
869 3113 985 3171 librarii
1001 3113 1090 3185 vitia,
1112 3116 1272 3190 postquam
1291 3115 1337 3173 his

165 3204 362 3262 exemerimus
382 3221 425 3278 aa,
444 3221 521 3279 quae
535 3207 658 3277 propter
677 3201 834 3278 archetypi
848 3206 988 3261 naturam
1001 3203 1170 3261 necessario
1184 3208 1337 3278 perverte-

163 3293 283 3365 bantur,
303 3311 371 3351 cum
389 3291 505 3366 reliqua
523 3291 626 3350 futura
644 3291 685 3350 sit
706 3310 777 3366 pars
801 3291 933 3349 omnium
956 3294 987 3349 et
1008 3291 1188 3366 gravissima
1211 3295 1242 3350 et
1262 3292 1336 3350 diffi-

165 3381 284 3455 cillima,
305 3400 364 3457 qua
379 3380 414 3438 de
429 3380 511 3440 vitiis
530 3381 768 3457 neglegentia
785 3380 976 3439 librariorum
991 3380 1065 3439 ortis
1079 3381 1267 3438 tractandum
1284 3383 1336 3440 sit:

165 3471 328 3529 secundum
346 3472 443 3528 artem
461 3468 634 3544 procedenti
653 3470 783 3543 primurn
806 3468 866 3528 iam
890 3469 1093 3544 quaerendum
1117 3473 1176 3544 est,
1202 3489 1278 3548 quae
1298 3471 1338 3530 sit

167 3563 198 3618 et
216 3559 313 3634 qualis
327 3558 382 3616 illa
399 3558 599 3634 neglegentia,
618 3557 749 3632 quidque
769 3559 809 3615 sit
827 3558 946 3616 omnino
966 3558 996 3615 in
1011 3577 1109 3632 causa,
1128 3560 1208 3635 quod
1227 3557 1336 3618 descri—

165 3648 271 3707 bentes
291 3648 487 3722 depravemus
502 3664 578 3723 quae
593 3645 805 3722 describamus,
824 3647 892 3704 dein
907 3665 943 3703 ex
957 3645 1012 3706 hoc
1026 3646 1112 3722 quasi
1126 3647 1210 3705 fonte
1225 3649 1338 3724 singuli

164 3755 285 3795 errores
304 3735 477 3795 deducendi.

255 3824 351 3894 Quam
370 3824 408 3882 ad
427 3825 632 3900 quaestionem
650 3826 685 3882 ut
700 3843 877 3900 responsum
896 3824 1035 3899 feramus,
1054 3824 1242 3883 describendi
1259 3827 1337 3886 actio

165 3913 263 3991 qualis
283 3913 322 3972 sit
345 3914 568 3973 accuratissime
591 3932 666 3989 opus
686 3915 733 3972 est
757 3914 880 3973 anobis
899 3913 1048 3989 intellegi,
1075 3913 1106 3971 id
1129 3914 1282 3989 quodnisi
1305 3916 1337 3973 in

166 4003 300 4078 singulas
315 4002 476 4076 particulas
492 4021 557 4060 eam
572 4002 810 4077 dissecuerimus,
825 4002 892 4060 fieri
905 4021 965 4060 non
978 4002 1097 4077 poterit.
1126 4002 1336 4063 Describentes

164 4092 259 4166 igitur
273 4091 460 4167 singularum
478 4090 635 4165 archetypi
653 4092 866 4150 vocabulorum
885 4090 1020 4167 singulas
1035 4091 1153 4150 litteras
1170 4092 1237 4149 risu
1257 4093 1337 4151 intra

164 4198 218 4238 nos
232 4180 402 4256 recipimus,
420 4180 501 4239 visas
516 4179 677 4258 iungimus,
697 4181 777 4238 unda
791 4181 923 4240 evadunt
936 4180 1141 4258 figurarum
1155 4181 1335 4257 imagines

255 4369 281 4436 1)
301 4367 365 4421 Non
378 4367 428 4422 illo
443 4368 557 4437 quidem
571 4366 681 4438 singula
695 4372 847 4438 praecepta
861 4368 890 4421 in
904 4384 990 4421 unum
1000 4367 1084 4435 quasi
1095 4384 1195 4437 corpus
1209 4369 1337 4424 conlecta

165 4438 326 4507 explicavit,
345 4439 395 4493 sod
413 4439 497 4494 facile
516 4455 550 4491 ex
568 4437 647 4508 illius
666 4440 778 4508 scriptis
797 4439 863 4494 talis
881 4438 995 4492 libellus
1010 4438 1139 4506 componi
1157 4441 1259 4506 potest.

1069 4525 1123 4579 lio*
