3050 5109
148 183 150 187 ’
209 182 274 246 322
665 181 789 240 Evaldus
809 184 917 238 Bruhn:

208 355 276 412 cata
294 354 374 411 esset
391 352 510 413 Iocasta
529 344 582 434 (ib.
597 344 803 433 arr-923),
830 353 947 429 pridem
971 353 1098 428 denique
1121 353 1315 412 observatum
1334 359 1383 414 est

207 442 359 502 Electram
373 445 404 501 et
419 441 650 517 Chrysothemin
675 443 794 501 easdem
809 461 873 501 esse
895 460 968 517 quas
979 442 1163 518 Antigonam
1177 445 1207 501 et
1221 443 1381 520 Ismenam,

207 531 254 591 El.
274 535 375 591 autem
388 551 436 591 vv.
452 534 648 591 871-1057
669 550 825 605 expressos
844 550 910 590 esse
929 551 965 590 ex
978 532 1049 590 Ant.
1061 533 1199 590 1—100.
1228 532 1269 591 nt
1283 533 1382 592 fateor

207 641 254 679 me
282 621 313 679 in
340 621 453 680 talibus
481 622 571 680 rebus
599 640 658 679 non
691 621 873 696 adgnoscere
900 621 996 679 ullum
1024 620 1178 696 Sophoclis
1211 621 1378 701 artificium,

208 709 260 767 sed
270 710 345 768 nihil
354 710 413 769 nisi
422 711 645 787 neglegentiam
655 710 814 787 quandam,
824 729 914 785 quam
923 710 1071 786 gaudeam
1079 711 1223 786 temporis
1231 713 1375 787 angustiis

207 798 349 874 explicari
366 818 462 874 posse.

295 890 449 949 Accedunt
471 890 631 964 quaedam,
660 908 736 964 quae
764 908 872 964 parum
896 889 1056 964 diligenter
1079 888 1299 962 administrata,
1313 909 1380 948 esse

208 996 295 1037 nemo
313 978 410 1054 possit
428 978 559 1037 infitiari.
596 978 773 1037 Rectissime
793 979 871 1036 enim
889 978 1138 1037 Wilamowitzius
1165 977 1279 1037 iudicat
1302 999 1380 1054 quae

208 1068 239 1125 in
257 1068 382 1144 prologo
400 1067 483 1146 fiant,
503 1087 539 1126 ea
558 1086 610 1126 eur
628 1067 711 1144 fiant,
730 1068 844 1127 nullam
864 1068 982 1126 omnino
1002 1067 1114 1126 adferri
1132 1086 1260 1126 causam.
1299 1068 1380 1126 Scire

207 1159 308 1215 autem
333 1157 437 1233 velim,
464 1156 535 1233 quid
555 1153 655 1216 Oresti
680 1175 877 1232 responsurus
900 1158 993 1215 fuerit
1016 1158 1224 1233 paedagogus,
1251 1156 1276 1213 si
1295 1158 1380 1214 illum

207 1246 354 1305 dicentem

279 1338 320 1394 20
367 1331 441 1409 πρὶν
461 1330 519 1394 οὖν
539 1328 601 1394 τιν’
621 1329 749 1408 ἀνδρῶν
769 1331 990 1408 ἐξοδοιπορεῖν
1001 1326 1044 1415 (9)
1065 1332 1175 1408 (τέγηε

366 1419 564 1484 Ξυνάπτετον
580 1414 621 1504 (l)
642 1419 797 1496 λόγοιειν·
816 1418 861 1482 ὡ(
879 1417 1186 1504 ἐνταῦθ’γέμένῖῖ),

367 1506 413 1572 ‘iv'
433 1507 543 1573 οὐκέτ’
566 1508 674 1573 ὀκνεῖν
692 1510 801 1586 ruico<
821 1507 898 1571 dtt'
918 1508 1022 1586 ἔργων
1041 1508 1121 1590 ἀκμή

206 1657 423 1733 interrogasset
442 1653 577 1733 Orestes,
594 1657 655 1714 'cur
673 1674 707 1713 eo
727 1657 916 1731 potissimum
936 1656 999 1715 loeo
1024 1657 1116 1716 vellet
1135 1654 1303 1731 deliberari,
1323 1676 1377 1714 eur

206 1765 265 1806 non
284 1765 318 1804 ec
338 1765 371 1805 se
391 1748 606 1822 converterent,
625 1745 678 1803 ubi
696 1746 844 1804 neminem
865 1749 1115 1820 superventurum
1136 1746 1249 1820 sperari
1268 1740 1379 1818 posset.

206 1835 344 1894 Electrae
363 1839 464 1893 autem
482 1855 589 1893 urnam
610 1835 800 1909 adloquentis
820 1836 845 1893 si
864 1835 1033 1910 paullulum
1052 1836 1230 1909 represseris
1250 1834 1380 1891 admira-

207 1925 328 1999 tionem,
347 1944 444 1983 nonne
463 1925 623 1983 admodum
643 1924 699 1981 tibi
718 1924 792 1981 mire
811 1924 963 1990 videbitur
983 1923 1113 1998 Orestes,
1133 1924 1184 1998 qui
1203 1923 1234 1981 in
1253 1924 1379 1998 prologo

207 2014 322 2090 gemitu
343 2014 483 2072 exaudito
503 2014 606 2072 statim
626 2014 766 2070 Electrae
785 2013 965 2085 meminerit,
986 2033 1063 2071 nune
1083 2014 1172 2071 surdo
1191 2032 1246 2087 par
1264 2031 1330 2070 esse
1349 2016 1380 2070 et

206 2102 314 2162 eaece‘?
356 2103 440 2161 Nihil
463 2123 533 2163 vero
562 2104 617 2161 hoe
639 2104 775 2178 gravius:
804 2102 925 2160 iubetur
947 2103 1140 2178 paedagogus
1161 2093 1232 2182 (39)
1259 2102 1380 2160 domum

204 2193 328 2267 intrare,
343 2191 416 2267 quid
429 2192 511 2250 intus
526 2194 659 2268 geratur,
675 2193 839 2268 explorare,
849 2195 885 2250 ut
899 2191 992 2250 socios
1007 2192 1150 2250 certiores
1165 2191 1258 2249 faciat
1273 2183 1379 2271 (ὅπωε

206 2276 245 2340 ἂν
266 2277 358 2341 εἰδὼε
378 2277 450 2354 ἡμὶν
474 2275 622 2360 ἀγγείλῃ(
647 2275 760 2360 (amri),
789 2278 904 2339 Orestis
933 2282 1058 2356 denique
1081 2284 1208 2339 mortem
1231 2279 1379 2338 nuntiare.

210 2369 333 2429 Orestes
352 2371 446 2446 igitur
465 2370 636 2428 cautissime
655 2371 818 2445 procedens
837 2372 968 2445 primum
986 2370 1095 2428 certior
1117 2370 1181 2427 fieri
1204 2370 1281 2439 volt,
1307 2388 1380 2426 num

205 2462 230 2517 is
247 2461 287 2518 sit
302 2460 380 2518 domi
395 2479 495 2518 rerum
510 2462 618 2534 status,
634 2462 668 2517 ut
682 2459 799 2517 faustus
815 2460 911 2517 exitus
927 2459 1041 2533 sperari
1054 2460 1159 2533 possit,
1174 2458 1244 2516 dein
1258 2459 1380 2516 domurn

204 2550 326 2608 intrare.
363 2548 447 2607 Idem
472 2552 578 2624 postea
600 2568 660 2607 non
684 2551 850 2623 exspectat,
874 2549 946 2605 dum
968 2548 1072 2606 redeat
1095 2548 1303 2623 paedagogus,
1327 2549 1378 2605 sed

205 2639 307 2713 paullo
331 2641 399 2712 post
425 2658 492 2696 eum
519 2638 648 2698 advenit.
685 2638 835 2695 Nimirum
858 2627 1011 2696 remittere
1037 2636 1262 2711 paedagogum,
1291 2656 1379 2713 quem

206 2730 439 2787 consentaneum
463 2730 527 2786 erat
551 2747 569 2786 a
594 2726 797 2804 Clytemestra
819 2727 948 2801 hospitio
973 2726 1080 2800 excipi,
1108 2725 1158 2784 vix
1181 2729 1301 2801 poterat
1327 2726 1379 2783 So-

206 2818 335 2892 phocles.
373 2816 458 2886 Quod
477 2818 578 2874 autem
597 2816 706 2876 dixeris
729 2817 760 2874 in
779 2838 806 2876 ν.
828 2820 868 2875 73
893 2816 1013 2873 domum
1031 2816 1144 2873 intrare
1170 2815 1379 2891 paedagogum

205 2906 310 2979 iuberi,
330 2909 364 2964 ut
383 2907 483 2964 omnia
501 2907 649 2981 expleret3
674 2911 705 2965 et
727 2906 832 2980 ivisse,
857 2905 924 2964 dein
948 2905 1072 2962 rediisse
1095 2906 1293 2981 nuntiumque
1312 2924 1378 2979 per-

206 2995 325 3069 tulisse,
358 2995 484 3070 dcnique
508 2996 605 3055 denuo
633 2996 755 3054 domum
782 2995 939 3070 petivisse:
968 2994 1099 3071 primum
1127 2995 1205 3052 male
1230 2994 1295 3053 sani
1323 2996 1378 3052 hoe

206 3088 272 3143 erat
295 3102 331 3142 ea
350 3085 408 3143 diei
432 3085 507 3143 hora
529 3085 649 3143 domum
672 3085 800 3143 alienam
829 3084 942 3142 intrare
971 3091 1001 3142 et
1028 3084 1196 3158 explorare3
1229 3084 1297 3141 dein
1319 3083 1379 3140 nisi

206 3173 353 3248 artificiis,
379 3175 518 3248 qualibus
548 3174 738 3250 grammatici
758 3175 837 3231 certe
862 3174 992 3230 solemus
1021 3172 1184 3246 abstinere,
1212 3192 1278 3228 cum
1297 3173 1377 3227 dicat

208 3260 329 3320 Orestes
569 3308 573 3315 .

309 3411 312 3416 ,
333 3353 373 3409 38
420 3345 472 3409 ὅτ’
491 3346 550 3409 οὖν
569 3345 696 3410 τοιόνδε
715 3345 855 3424 χρηεμόν
874 3345 1109 3423 εἰεηκούεαμεν,

420 3438 455 3499 ct
474 3437 531 3513 μὲν
551 3437 660 3513 μολὼν
679 3434 758 3498 ὅταν
779 3456 811 3498 (ε
831 3436 938 3513 καιρὸς
958 3435 1078 3517 εἰεάγῃ,

334 3532 377 3589 40
423 3525 532 3603 δόμων
551 3524 612 3588 ἕεω
631 3523 731 3588 τῶνδ’
749 3524 810 3588 tra
822 3522 864 3608 (P)
885 3529 949 3587 πᾶν
968 3526 1006 3587 τὸ
1025 3525 1200 3605 δρώμενον,

419 3613 508 3677 ὅπωε
528 3614 567 3678 ἂν
587 3615 679 3677 riou<
698 3615 771 3691 ἡμὶν
790 3613 939 3696 ἀγγείλῃ(
959 3619 1052 3693 εαφῆ,

207 3799 210 3804 ³
298 3810 341 3876 77)
360 3807 424 3862 Non
446 3807 585 3875 persuasit
607 3806 677 3860 mihi
695 3806 840 3861 Vahlenus
865 3823 882 3860 a
905 3805 1043 3876 Sophocle
1061 3808 1125 3873 ἐμέν
1149 3805 1286 3874 scriptum
1309 3823 1378 3860 esse.

207 3879 286 3944 Quod
310 3879 405 3931 autern
427 3878 476 3932 ille
499 3878 569 3932 dicit
591 3877 698 3932 nullam
716 3879 809 3932 adhue
830 3880 972 3947 repertam
995 3895 1054 3932 esse
1078 3877 1282 3944 coniecturam,
1306 3894 1378 3946 quae

207 3952 265 4005 ullo
285 3950 367 4004 modo
387 3950 449 4004 loeo
469 3949 636 4015 satisfaciat,
656 3949 750 4003 audivi
770 3950 921 4018 aliquando
938 3948 1113 4004 Ludovicnm
1127 3948 1274 4017 Langium,
1294 3965 1378 4017 quem

206 4019 366 4092 nuperrime
382 4021 542 4075 defunctum
562 4020 699 4090 dolemus,
717 4022 772 4075 hoc
791 4021 969 4075 scribendum
988 4022 1205 4089 proponentem:
1225 4058 1227 4061 >

419 4130 590 4183 Ξννάπτετον
608 4121 739 4193 λόγοίειν,
759 4130 797 4181 ω(
816 4130 931 4181 ἐνταῦθ’
950 4130 1013 4196 ἔνι,

419 4200 459 4252 ἵν’
478 4202 573 4254 οὐκέτ’
592 4202 682 4254 δκνεῑν
702 4201 809 4267 καιρὸς,
829 4201 892 4253 ἀλλ’
911 4202 1002 4265 ἔργων
1021 4201 1103 4266 ἀκμή.

207 4308 296 4372 Quam
315 4306 502 4360 coniecturam
526 4310 555 4361 et
577 4306 817 4375 elegantissimam
836 4323 896 4360 esse
916 4308 945 4360 et
961 4305 1126 4360 facillimam
1149 4322 1206 4358 non
1225 4321 1321 4358 vereor
1340 4321 1377 4357 ne

207 4381 266 4447 ipse
285 4381 370 4447 neget
389 4377 541 4432 Vahlenus.
