3050 5109
217 210 283 275 276
681 208 805 264 Evaldus
823 208 932 263 Bruhn:

219 380 353 439 domines
372 380 518 457 appellari
531 382 650 455 eportet
664 370 695 459 (e
710 378 835 437 deorum
853 379 931 437 enirn
951 379 1107 439 voluntate
1126 398 1179 437 nos
1200 396 1301 436 omnes
1320 398 1392 452 pen-

219 463 372 550 demus)'‘?
399 469 572 529 Diiudicent
590 469 646 530 hoc
665 469 811 529 sermonis
831 467 937 527 Graeci
955 468 1128 545 peritiores3
1147 486 1203 544 ego
1223 467 1327 527 dubito
1347 468 1391 525 in·

218 561 365 635 terimque
386 559 613 619 examinandam
630 576 765 635 propono
784 557 986 617 coniecturam
1004 558 1094 617 hanc:

395 712 486 780 ἄναξ·
507 716 600 779 θεοὺε
618 714 680 792 γὰρ
699 711 849 793 δήποθ’,
868 714 934 777 οδε
952 717 1063 779 καλεῖν
1083 715 1187 792 χρεὼν

395 802 503 883 (ἡγεῖ
521 802 661 882 μόνου(
681 802 865 881 εὐχαῖτιν,
884 802 967 867 άλι(
985 802 1221 885 ἑγουνάεω>·

395 890 449 971 ἂρ’
468 890 508 956 ἄν
527 893 556 955 τί
576 913 636 971 μου
655 894 761 958 δέξαιο
783 892 1015 972 βουλεύεαντο(
1034 892 1082 968 eiu

217 1072 281 1131 Aut
303 1093 357 1149 per
379 1074 507 1133 ironiam
530 1074 678 1149 pluralem
699 1091 859 1132 numerum
881 1077 1009 1149 usurpat
1031 1092 1148 1147 servus,
1176 1092 1244 1132 cum
1271 1074 1308 1133 de
1331 1094 1393 1133 una

216 1162 313 1222 Diana
339 1164 492 1239 loquatur,
521 1166 573 1221 aut
597 1163 623 1221 is
647 1163 695 1221 hic
718 1162 851 1222 cernitur
873 1181 958 1235 usus,
982 1163 1067 1222 cuius
1097 1165 1233 1240 exempla
1260 1164 1393 1239 conlegit

112 1246 114 1250 ’
217 1251 288 1328 Leo,
308 1253 344 1311 de
364 1252 493 1312 Senecae
512 1254 610 1330 tragg.
630 1252 707 1312 obss.
727 1252 807 1311 critt.
828 1254 900 1311 150.
934 1248 1054 1325 δήποτε
1073 1273 1128 1328 pro
1147 1250 1287 1312 δέεποτα
1305 1253 1393 1311 resti-

216 1342 277 1399 tuit
291 1335 486 1419 (quamquam
506 1341 679 1400 dubitanter
698 1341 782 1399 utin
801 1342 945 1416 scriptore
963 1342 1088 1401 nimium
1107 1346 1253 1419 quantum
1273 1335 1391 1423 inepto)

147 1486 151 1493 .
215 1430 381 1490 Meinekius
401 1431 517 1506 Aleiph.
536 1429 596 1504 111,
614 1432 664 1489 28.

306 1518 384 1589 Quin
407 1520 498 1578 etiam
522 1520 660 1594 despecta
683 1519 739 1578 hac
759 1520 878 1579 medela
896 1538 1068 1579 succurrere
1087 1539 1175 1595 posse
1193 1520 1268 1578 mihi
1286 1519 1391 1579 videor

214 1609 280 1755 imi?
299 1609 352 1756 (ἐπὶ
369 1628 423 1685 per
441 1610 501 1668 tria
519 1609 639 1669 saecula
657 1627 717 1668 nen
735 1609 887 1668 destiterit
905 1610 1025 1669 eludere
1048 1610 1221 1669 criticorum
1245 1610 1390 1684 impetus:

230 1718 250 1773 p
273 1741 280 1757 .
326 1744 332 1758 .
353 1700 441 1757 lites.

801 1800 834 1863 (ὲ
856 1796 889 1862 δ’
907 1798 1022 1877 ίετοριῖι

305 1895 345 1954 95
393 1887 542 1967 Πυλάδη,
562 1889 598 1951 εὺ
617 1887 679 1966 γάρ
699 1908 751 1967 μοι
769 1892 864 1952 τοῖιδε
885 1891 1074 1968 ευλλήπτωμ
1093 1888 1211 1971 πόνου,

392 1976 421 2040 τί
440 1980 580 2055 δρῶμεν;
602 1975 823 2057 ἀμφίβληετρα
842 1977 904 2055 γὰρ
923 1978 1041 2056 τοίχων
1061 1978 1139 2062 ὁρᾷ(

391 2065 513 2144 ὑψηλά·
533 2065 654 2144 πότερα
673 2067 830 2144 δωμάτων
850 2066 1079 2147 προεαμβάεειε

392 2155 616 2235 ἐκβηεόμετθα;
637 2159 706 2219 odic
726 2154 766 2218 dr
786 2155 844 2219 οὖν
864 2155 1018 2235 μάθοιμεν
1037 2156 1076 2221 ἂν

389 2246 409 2323 ἢ
429 2244 646 2323 χαλκότευκτα
664 2248 785 2329 κλῇθρα
804 2245 956 2310 λάεαντε(
976 2250 1124 2324 μοχλοῖε;

283 2340 345 2399 100
392 2331 438 2396 ὧν
457 2333 554 2397 οὐδὲν
571 2333 669 2411 ίεμεν.
688 2337 728 2413 ἢν
752 2332 787 2396 δ’
808 2332 995 2411 άνοίγοντετ
1014 2335 1118 2399 πύλαε

391 2425 566 2501 ληφθῶμεν
585 2421 735 2502 εἰεβάτειε
753 2443 789 2487 τε
809 2424 1046 2503 μηχανώμενοι,

390 2508 578 2591 θανούμεθ’·
597 2511 681 2575 ἀλλὰ
699 2512 774 2590 πρὶν
793 2518 904 2577 θανεῖν
923 2512 1077 2578 νεὼε’ἔπι

390 2602 576 2681 φεύγωμεν,
595 2601 677 2685 ᾗπερ
697 2600 786 2680 δειῖρ>
805 2603 1092 2682 ἐνοωετολήεαμεν;

211 2765 368 2845 ἐκβαίνειν
392 2769 428 2827 de
454 2768 646 2827 accendendis
674 2767 762 2827 scalis
791 2767 848 2827 dici
875 2786 963 2843 pesse
990 2769 1093 2845 paullo
1120 2768 1216 2828 levius
1244 2768 1387 2827 videntur

212 2859 375 2934 sumpsisse
399 2857 537 2917 editores.
574 2857 652 2916 Nam
677 2857 704 2916 si
726 2858 778 2933 qui
800 2857 910 2916 Phoen.
936 2859 1000 2917 100
1024 2851 1148 2931 κλίμακ’
1168 2855 1286 2931 ἐκπέρα
1310 2854 1386 2917 ποδὶ

212 2949 366 3007 adferunt:
384 2946 466 3005 aliud
481 2949 528 3007 est
541 2945 652 3020 περᾶν,
669 2947 751 3005 aliud
769 2942 901 3022 βαίνειν;
917 2947 1026 3006 dicitur
1040 2943 1069 3006 ri
1084 2945 1208 3022 μέλλει(
1222 2942 1386 3022 ὑπώροφα

212 3033 353 3111 μέλαθρα
372 3034 482 3110 περᾶν,
500 3054 560 3095 non
579 3034 688 3095 dieitur
707 3054 742 3095 eo
762 3036 883 3112 quidem
903 3054 992 3096 sensu
1013 3033 1154 3110 μέλαθρα
1175 3032 1305 3112 βαίνειν.

299 3125 513 3184 Demonstrata
531 3127 578 3184 est
596 3123 769 3185 difficultas,
806 3124 903 3194 Quam
921 3125 1096 3201 priusquam
1115 3126 1291 3203 enodemus,
1315 3145 1384 3185 con-

211 3215 360 3274 siderasse
379 3234 396 3273 e
414 3233 447 3272 re
466 3215 532 3285 erit,
550 3213 802 3289 quemadmodum
820 3213 852 3271 in
871 3214 988 3290 agenda
1002 3216 1058 3273 hac
1071 3216 1175 3274 fabula
1189 3234 1279 3275 scena
1292 3215 1384 3274 fuerit

210 3305 366 3363 edomata.
401 3301 437 3360 In
460 3321 549 3361 scena
572 3322 648 3378 quae
671 3303 791 3378 proprie
816 3303 985 3380 dicebatur,
1009 3306 1267 3379 repraesentatum
1291 3305 1384 3363 fidisse

210 3394 357 3470 templum
375 3392 490 3451 Dianae
510 3391 633 3450 dubium
651 3411 712 3452 non
731 3398 786 3452 est.
825 3393 872 3451 Ad
891 3394 1038 3469 templum
1057 3397 1156 3453 autem
1177 3395 1267 3453 scalis
1286 3412 1384 3453 escen-

212 3483 352 3557 debatur3
380 3499 532 3540 sumamus
555 3481 649 3556 igitur
672 3481 837 3540 adclinatas
865 3500 915 3540 eas
943 3482 1035 3541 fuisse
1064 3502 1182 3559 scenae,
1212 3503 1304 3559 supra
1333 3502 1383 3542 eas

211 3574 331 3648 portam
350 3575 381 3630 et
399 3572 551 3630 columnas
568 3570 673 3646 pictas.
712 3571 793 3630 Ante
811 3572 957 3646 templum
981 3591 1035 3630 ara
1053 3572 1230 3631 cernebatur
1248 3565 1291 3653 (v.
1312 3565 1384 3651 72)3

212 3679 313 3721 sumas
332 3662 408 3719 hane
427 3662 496 3718 ante
513 3659 607 3719 scalas
623 3661 806 3719 exstructam
819 3661 921 3720 fuisse.
952 3660 1016 3719 Iam
1031 3662 1220 3722 reminiscere
1234 3661 1384 3738 proscenii

212 3750 434 3826 angustiarum:
452 3748 594 3807 concedes
614 3749 639 3807 si
659 3750 758 3808 scalae
776 3749 819 3807 ibi
838 3753 1008 3809 exstructae
1027 3752 1164 3825 fuissent,
1183 3752 1232 3812 vix
1247 3750 1382 3827 potuisse

211 3858 301 3915 agere
320 3838 491 3898 histriones.
529 3836 607 3907 Quid
630 3837 746 3913 igitur?
780 3837 883 3897 Scalae
909 3858 982 3916 quas
1006 3841 1222 3914 desideramus,
1245 3858 1343 3899 nonne
1367 3859 1383 3898 e

212 3928 367 4004 proscenio
377 3927 515 3987 ferebant
529 3926 560 3985 in
575 3920 828 4009 orchestramtffi)
847 3925 969 3989 Orestes
985 3933 1088 3989 autem
1102 3933 1133 3989 et
1141 3930 1270 4006 Pylades
1285 3948 1383 3988 nonne

299 4189 344 4256 28)
365 4185 443 4251 Quae
471 4184 505 4240 de
533 4184 578 4238 his
605 4186 688 4241 rebus
716 4185 873 4256 disputavit
895 4185 1013 4241 Ioannes
1035 4189 1171 4257 Hoepken
1197 4190 1242 4256 (de
1269 4190 1381 4246 theatro

209 4260 306 4314 Attico
326 4273 398 4313 saec.
418 4275 443 4312 a.
463 4256 526 4311 chr.
547 4257 579 4312 V.
598 4275 625 4326 p.
643 4264 716 4316 loss.
736 4257 815 4329 [diss.
835 4259 922 4313 Bonn.
945 4259 1052 4329 1884]),
1071 4277 1105 4314 ea
1123 4262 1150 4314 h.
1170 4261 1188 4315 l.
1208 4259 1381 4315 accurratius

209 4331 369 4386 examinare
388 4345 445 4383 nen
463 4344 585 4397 possum.
618 4330 744 4399 cheum
763 4332 859 4384 autem
877 4329 1075 4399 Aristophanis
1098 4333 1273 4401 temporibus
1297 4349 1381 4401 super

209 4404 382 4458 orchestram
403 4400 508 4454 clatum
526 4400 613 4456 luisse
631 4417 676 4455 me
696 4400 810 4469 quidem
828 4400 922 4455 iudice
941 4402 1009 4455 satis
1028 4402 1164 4471 probatur
1173 4406 1220 4459 Ar.
1230 4403 1279 4473 Eq.
1291 4423 1316 4459 ν.
1325 4409 1379 4464 ,149
