3050 5109
387 238 624 292 Liroubrationum
643 236 857 306 Euripidearum
877 237 972 306 capita
990 238 1103 291 selecta.
1266 235 1330 299 237

465 404 499 466 Σ.
927 407 955 464 S.

723 515 777 586 ss,1.

250 622 314 678 Alo.
358 622 421 678 200
467 635 504 690 γε
870 635 929 692 εφε

714 745 762 800 ,6.

253 852 317 912 Αλο.
382 852 422 910 55
470 847 567 923 γέρα(
870 847 963 909 κλέοε

360 942 423 999 372
471 934 542 997 τινά
868 936 947 997 ποτέ

359 1030 422 1087 479
471 1022 572 1100 χθόνα
872 1022 967 1086 πόλιν

359 1119 424 1175 520
470 1111 516 1174 ἔτι
871 1112 944 1191 περί
1043 1193 1046 1196 ¹

360 1207 423 1263 542
471 1200 578 1279 φίλοι(
870 1202 982 1266 Ξένον(

362 1297 424 1354 797
472 1293 570 1352 κακοῦ
870 1294 1001 1367 φρενῶν

340 1384 423 1443 1105
471 1376 559 1456 ἄθρει
869 1377 931 1457 ὅρα

341 1473 425 1532 1153
473 1466 552 1530 ὁδόν
869 1468 970 1545 δόμον

240 1563 316 1620 Med.
361 1562 423 1619 385
471 1561 599 1620 κτανεῖν
871 1556 957 1621 ἑλεῖν

359 1652 423 1708 487
472 1645 577 1724 φόβον
869 1645 970 1723 δόμον

360 1740 422 1798 577
470 1735 534 1813 ἐρῶ
872 1736 957 1810 λέγω

361 1830 423 1886 743
471 1822 693 1902 deputarem
870 1822 1089 1902 ἀεφαλέετερα

340 1919 425 1975 1040
470 1912 577 1989 φίλοι(
870 1914 966 1976 τέκνα

343 2007 425 2063 1071
475 2000 556 2078 κάρα
869 2001 966 2079 (τόμοι

340 2095 424 2152 1206
472 2091 569 2167 δέμαε
869 2092 965 2168 χέρα(

341 2185 426 2241 1234
472 2179 575 2241 πόλοι(
870 2178 989 2256 δόμου(

341 2264 445 2331 1306'
472 2266 566 2350 φόνῳ
864 2268 963 2346 δίκην.

255 2431 409 2489 Habemus
428 2431 459 2488 in
478 2431 599 2489 sedibus
606 2422 633 2508 6)

452 2561 478 2613 1.
504 2558 533 2613 2.
558 2558 586 2613 3.
687 2575 693 2611 :
742 2557 782 2614 18

450 2646 479 2704 4.
504 2646 532 2702 5.
559 2646 586 2702 6.
687 2665 694 2701 ι
740 2645 780 2702 41

452 2737 480 2791 1.
505 2736 532 2791 2.
558 2734 586 2791 3.
611 2735 640 2791 4.
686 2755 693 2790 ε
742 2734 782 2790 25

558 2823 586 2880 ό.
613 2823 641 2880 6.
688 2844 695 2879 :
742 2823 784 2880 34

822 2688 1042 2763 discrepantias

254 2982 390 3057 Adparet
408 2981 556 3057 quivull.
576 2980 654 3039 unde
675 2984 759 3039 ortae
779 2981 839 3039 sint
857 2980 1059 3056 explicaturus
1078 2982 1126 3056 sit,
1145 2984 1173 3042 ei
1191 2984 1247 3042 hoo
1265 3002 1336 3059 quo-

167 3092 226 3148 que
246 3071 453 3147 explicandum
472 3090 547 3130 esse.
584 3070 679 3146 Atqui
703 3088 800 3145 neque
823 3072 1034 3147 grammaticos
1057 3091 1153 3146 neque
1176 3072 1337 3133 histriones

167 3164 325 3237 tantopere
345 3181 410 3220 eum
430 3162 569 3237 quintum
587 3163 653 3219 tum
672 3162 789 3219 sextum
808 3160 914 3234 pedem
932 3160 964 3217 in
983 3160 1095 3219 deliciis
1115 3161 1255 3221 habuisse
1275 3181 1336 3221 cre-

167 3250 258 3308 dibile
285 3253 343 3326 est3
373 3254 419 3309 est
444 3269 522 3326 ergo·
542 3249 603 3308 alia
627 3250 704 3309 ratio
730 3248 1002 3325 circumspicienda.
1044 3250 1087 3308 At
1112 3250 1190 3309 forte
1215 3253 1337 3310 fortuna

168 3340 281 3397 factum
296 3339 351 3398 hoc
366 3357 431 3399 esse
444 3342 553 3414 potest.
578 3338 690 3413 Audio;
705 3338 776 3413 quid
791 3338 818 3396 si
832 3339 928 3397 simile
943 3338 1056 3413 aliquid
1070 3339 1150 3415 apud
1161 3339 1337 3415 Sophoclem

167 3422 361 3504 adparuerit'?

256 3516 455 3577 inveniuntur
473 3518 552 3577 enim
575 3517 608 3575 in
625 3516 725 3575 codice
743 3516 948 3575 Laurentiano
967 3535 985 3574 a
1004 3517 1167 3590 diorthota,
1187 3537 1275 3593 quem
1294 3518 1338 3577 ait

167 3606 349 3679 Dindorfius,
364 3610 396 3665 et
408 3606 439 3664 in
454 3606 588 3681 margine
603 3609 726 3665 notatae
740 3605 841 3665 variae
855 3605 998 3665 lectiones
1013 3609 1044 3664 et
1058 3606 1185 3682 singulis
1199 3607 1337 3665 versibus

168 3696 397 3771 superscriptae,
415 3695 523 3770 quibus
543 3695 606 3754 fere
625 3696 761 3754 omnibus
781 3694 987 3769 praepositum
1007 3698 1054 3753 est
1067 3711 1117 3768 γρ.
1136 3698 1266 3771 suntque
1285 3715 1337 3753 eae

168 3788 214 3842 sat
232 3784 346 3842 multae
364 3785 395 3842 in
415 3784 507 3843 Aiace
525 3784 680 3859 Antigona
698 3784 830 3856 Electra,
856 3784 1011 3859 pauciores
1029 3784 1061 3841 in
1080 3783 1248 3843 Trachiniis
1267 3784 1339 3842 Pha

166 3874 278 3932 locteta
297 3871 426 3948 Oedipis.
464 3872 527 3932 Has
546 3893 662 3949 quoque
681 3892 734 3948 per
753 3873 865 3932 classes
885 3872 1018 3947 digestas
1037 3872 1177 3933 exhibeo:

256 4098 282 4163 6)
302 4094 356 4150 Vix
375 4112 444 4164 opus
464 4098 508 4150 est
525 4111 665 4159 moneam,
685 4095 709 4149 si
728 4112 800 4163 quae
819 4094 1009 4164 discrepantia
1022 4096 1164 4166 pertineat
1181 4096 1218 4148 ad
1232 4097 1337 4148 utrum·

167 4183 220 4237 que
244 4183 339 4221 versus
362 4167 481 4221 alicuius
510 4166 671 4233 dimidium,
700 4166 728 4220 ei
750 4183 813 4220 eam
837 4167 1028 4238 adnumerari,
1057 4166 1136 4221 onius
1164 4166 1256 4236 plures
1281 4167 1339 4220 siut

167 4237 293 4305 syllabae
311 4237 511 4307 discrepantes.
