3050 5109
214 211 281 275 274
678 213 802 268 Evaldus
820 213 928 268 Bruhn:

214 382 336 441 lacunas
356 375 407 462 (cf.
427 401 451 440 e,
466 402 494 459 g.
513 381 590 440 Krit.
610 380 714 440 Studd.
729 381 754 457 I,
776 375 853 461 116)
873 383 970 459 iisque
987 384 1037 443 vel
1056 382 1270 442 audacissimus
1289 386 1387 442 muta-

213 470 309 530 tiones
329 472 526 547 praeferebat.
556 470 652 540 Quam
670 471 841 547 opinionem
855 472 965 531 falsam
979 491 1045 531 esse
1064 475 1154 548 atque
1168 474 1312 531 iniustam
1324 492 1386 531 non

214 563 261 619 est
279 561 358 636 quod
376 560 514 636 pluribus
533 578 693 635 exponam:
720 579 791 618 nam
809 560 888 636 quod
906 561 1029 636 quidam
1049 562 1151 621 dicunt
1171 565 1206 621 ut
1224 562 1387 621 admodum

213 649 330 708 facilem
349 650 388 707 ad
406 651 630 724 proponendum
648 650 693 707 ita
710 649 856 709 incertam
879 651 956 709 hanc
975 669 1039 710 esse
1062 651 1202 710 medendi
1225 651 1386 710 rationem:

213 738 299 797 modo
320 758 385 797 eam
404 738 609 814 unusquisque
634 739 690 797 sibi
710 738 826 797 sanciat
844 740 956 816 legem,
982 744 1018 798 ut
1041 741 1176 816 exemplo
1200 741 1387 800 demonstret

212 827 347 903 potuisse
367 847 434 886 eum
453 846 541 902 quem
560 828 677 903 flagitet
696 846 817 887 sensum
836 847 973 888 sermone
993 839 1164 905 expressum
1182 829 1228 888 illi
1248 829 1387 905 scriptori

213 916 413 991 convenienti,
436 917 489 975 ubi
511 916 574 992 ipse
599 919 727 993 statuat,
749 917 792 976 ibi
818 917 991 976 delitescere
1016 911 1120 999 (quam
1144 919 1243 995 legem
1266 919 1385 995 quando

212 1005 302 1064 liceat
319 1006 451 1082 migrare
471 1024 545 1081 opus
563 1026 623 1064 non
642 1009 688 1064 est
708 1000 878 1085 exponere),
902 1007 976 1065 satis
996 1007 1053 1066 erit
1072 1009 1194 1067 cautum
1216 1008 1254 1066 ab
1278 1008 1386 1066 ariola-

212 1094 359 1170 tionibus3
379 1098 461 1153 certa
487 1098 587 1154 eutem
608 1087 720 1173 (quoad
738 1095 770 1153 in
790 1099 854 1154 arte
876 1095 980 1154 critica
995 1100 1109 1157 certum
1124 1091 1263 1175 dicimus)
1277 1098 1385 1157 lacuna

212 1184 278 1256 erit,
298 1183 351 1242 ubi
369 1184 400 1242 in
415 1184 543 1260 siugulis
559 1184 711 1243 vocabulis
731 1187 762 1243 et
775 1184 946 1243 notionibus
960 1185 1037 1244 nihil
1052 1187 1092 1245 sit
1106 1186 1286 1263 offensionis,
1306 1187 1385 1245 desit

211 1272 378 1350 cogitatum
396 1274 445 1332 vel
459 1273 584 1350 cogitati
599 1274 756 1348 particula,
776 1292 853 1348 quae
867 1274 1040 1334 l'tterarum
1053 1276 1221 1335 mutatione
1234 1276 1384 1351 probabili

210 1364 341 1437 nequeat
358 1361 489 1437 procudi.

300 1450 449 1509 Conemur
476 1454 577 1510 autem
605 1469 682 1526 quae
707 1450 837 1510 diximus
863 1453 1008 1527 exemplis
1037 1454 1152 1528 aliquot
1180 1454 1382 1529 comprobare.

209 1539 280 1599 Ant.
300 1539 344 1598 IV
361 1558 381 1611 γ
402 1545 418 1598 1
440 1536 498 1599 τὸν
516 1536 577 1613 γὰρ
597 1533 699 1613 ἄνδρα
717 1534 888 1613 ὁμολογῶν
907 1537 1037 1601 τύπτειν
1055 1538 1112 1600 τὰς
1129 1540 1260 1616 πληγὰς,
1280 1539 1313 1604 ἐξ
1333 1536 1380 1601 ῶν

210 1624 385 1703 ἀπέθανεν,
405 1624 502 1688 αὐτὸς
521 1626 578 1702 μὲν
597 1628 655 1687 τοῦ
673 1624 865 1703 τεθνηκότος
888 1625 926 1688 οὔ
951 1647 1026 1704 φηςι
1045 1628 1167 1705 φονεὺς
1187 1626 1277 1705 εἶναι,
1300 1628 1381 1704 ἡμᾶς

210 1716 245 1777 δὲ
260 1716 336 1778 τοὺς
349 1718 568 1792 τιμωροῦντος
587 1713 674 1797 αὐτῷ
693 1718 757 1779 Ζῶν
772 1735 807 1778 τε
821 1716 872 1777 καὶ
889 1716 1017 1794 βλέπων
1032 1717 1155 1794 φονέας
1170 1715 1270 1780 αὑτοῦ
1285 1736 1380 1794 φηςιν

147 1862 151 1870 ,
210 1802 299 1867 εἶναι.
329 1807 411 1867 Haeo
431 1808 456 1866 si
475 1826 548 1866 sana
567 1809 645 1880 sunt,
665 1809 775 1867 acriter
792 1808 871 1866 inter
890 1827 921 1866 se
942 1812 1133 1884 opponuntur
1152 1806 1249 1869 αὐτὸς
1264 1806 1322 1882 μέν
1337 1840 1378 1848 -

208 1893 289 1970 ἡμᾶς
303 1893 347 1970 δὲ,
362 1896 420 1956 τοῦ
434 1890 626 1971 τεθνηκότος
644 1928 680 1939 -
697 1892 806 1971 αὑτοῦ,
822 1892 860 1955 οὔ
876 1913 951 1971 φηςι
966 1896 1088 1972 φονεὺς
1103 1892 1183 1957 εἶναι
1198 1931 1242 1940 —
1257 1895 1380 1973 φονέας
1432 1939 1435 1946 ,

209 1982 304 2060 φηςὶν
324 1980 413 2045 εἶναι.
441 1985 537 2062 Atqui
555 1986 599 2044 ite
617 2005 676 2045 non
696 1987 792 2045 solum
812 1986 876 2045 sine
895 1988 957 2045 ulla
975 1989 1154 2046 necessitate
1169 1988 1290 2047 additur
1304 1988 1379 2045 illud

208 2072 284 2134 τοὺς
303 2075 521 2149 τιμωροῦντας
540 2070 643 2154 αὐτῷ,
667 2079 701 2134 ut
723 2077 803 2152 quod
826 2076 858 2133 in
876 2075 931 2133 hac
951 2076 1169 2135 sententiarum
1195 2076 1380 2153 oppositione

207 2165 320 2223 nullius
341 2165 381 2223 sit
403 2166 559 2237 momenti,
588 2184 693 2223 verum
718 2163 809 2223 etiam
832 2184 886 2240 pro
913 2160 1001 2244 αὐτῷ
1025 2166 1228 2225 desideramus
1252 2160 1379 2243 έκείνῳ;

209 2252 335 2329 quodni
350 2253 548 2313 substitutum
562 2254 628 2332 erit,
643 2254 682 2311 ad
696 2273 781 2312 reum
795 2255 844 2313 vel
857 2254 945 2312 inviti
959 2255 1014 2314 hcc
1029 2274 1193 2331 pronomen
1206 2256 1380 2314 referemus

211 2342 289 2412 Quid
309 2343 426 2402 dederit
436 2342 577 2418 Antipho,
597 2344 676 2402 clare
695 2342 833 2419 elucebit,
851 2344 939 2402 modo
958 2344 1116 2421 areliquis
1135 2345 1274 2420 seiungas
1288 2344 1381 2403 verba

208 2431 274 2492 Ζῶν
297 2448 332 2491 τε
352 2427 404 2490 καὶ
429 2428 556 2507 βλέπων
576 2430 699 2505 φονέας
719 2427 819 2491 αὑτοῦ
838 2447 934 2506 φηςιν
954 2426 1048 2504 εἶναι;
1068 2433 1128 2491 iam
1147 2453 1277 2509 eaquae
1297 2452 1381 2508 prae-

209 2522 320 2579 cedunt
339 2512 451 2603 (αὐτὸς
471 2518 527 2595 μὲν
545 2520 604 2579 τοῦ
623 2516 815 2594 τεθνηκότος
834 2516 873 2580 οὔ
893 2538 968 2595 φηςι
992 2520 1114 2596 φονεὺς
1134 2516 1224 2595 εἶναι,
1243 2519 1324 2595 ἡμᾶς
1343 2519 1379 2580 δὲ

206 2608 282 2669 τοὺς
301 2610 518 2683 τιμωροῦντος
538 2605 640 2689 αὐτῷ)
664 2609 908 2669 inlustrabuntur
930 2611 1031 2671 verbis
1057 2612 1074 2686 β
1094 2613 1113 2669 4
1138 2605 1183 2670 δι’
1206 2607 1285 2684 ὑμᾶς
1302 2608 1380 2669 τοὺς

208 2695 404 2775 ςυμβούλους
423 2694 623 2774 διαφθαρείς
644 2718 720 2775 quae
740 2702 843 2758 autem
861 2700 1081 2775 relinquuntur,
1101 2720 1137 2759 ea
1151 2701 1194 2759 ita
1214 2700 1380 2776 supplenda

207 2808 272 2847 esse
300 2789 438 2865 adparet:
473 2782 589 2866 <0de
617 2783 757 2848 τούτου
787 2784 917 2862 μόνον,
946 2784 1042 2849 ἀλλὰ
1070 2784 1156 2868 καὶ>
1181 2788 1245 2850 Ζῶν
1268 2805 1303 2848 τε
1328 2785 1380 2848 καὶ

208 2874 335 2953 βλέπων
354 2874 478 2952 φονέας
497 2873 596 2938 αὑτοῦ
615 2893 710 2953 φηςιν
729 2872 818 2938 εἶναι.

298 2965 397 3043 [Dion.
416 2964 499 3043 Hui]
520 2986 568 3026 ers
588 2968 664 3027 rhet.
675 2967 719 3025 VI
738 2968 756 3026 5
778 2960 843 3026 ἀπὸ
861 2962 982 3041 ἡλικίας
1002 2960 1057 3046 (sc.
1072 2967 1319 3042 proficiscendum
1333 2970 1379 3025 est

206 3057 234 3115 ei
254 3059 305 3132 qui
324 3057 490 3116 orationem
513 3056 671 3115 funebrem
690 3047 861 3136 componat)
882 3051 909 3115 εἰ
924 3052 981 3129 μὲν
996 3053 1070 3115 νέος
1089 3051 1137 3114 ὢν
1155 3056 1253 3116 τοῦτο
1273 3051 1378 3129 πάθοι,

205 3140 254 3207 ὅτι
278 3143 445 3220 θεοφιλής’
472 3143 548 3204 τοὺς
571 3141 633 3220 γὰρ
656 3141 824 3204 τοιούτους
848 3144 998 3219 φιλοῡειν
1021 3140 1052 3203 οἱ
1075 3141 1157 3204 θεοί·
1181 3142 1232 3205 καὶ
1256 3140 1305 3204 ὅτι
1328 3142 1378 3203 καὶ

205 3234 271 3294 τῶν
290 3234 439 3294 παλαιῶν
459 3231 600 3293 πολλοὺς
619 3228 805 3308 ἀνήρπαςαν
821 3280 827 3293 .
843 3280 849 3291 .
866 3279 872 3292 .
892 3230 944 3292 καὶ
969 3229 1114 3308 μακάριοι
1138 3232 1319 3309 φεύγοντες
1336 3229 1378 3292 τὰ

206 3318 339 3396 ἀλγεινὰ
362 3323 421 3382 τοθ
448 3318 517 3399 βίου
543 3320 593 3382 καὶ
619 3319 658 3382 τὰ
684 3318 770 3397 πάθη
794 3319 835 3381 τὰ
858 3318 1077 3397 ςυμπίπτοντα
1104 3323 1173 3383 τοῖς
1196 3318 1378 3398 ἀνθρώποις
1419 3315 1423 3320 ’

205 3409 300 3487 μύρια
322 3407 415 3473 ταθτ>
434 3406 513 3472 ὄντα
532 3409 584 3471 καὶ
598 3405 722 3487 ἄπειρα,
742 3407 920 3487 ὀφθαλμῶν
939 3409 1105 3487 πηρῶςεις,
1124 3412 1245 3483 ποδῶν,
1266 3408 1377 3486 ἑτέρου

204 3500 291 3563 τινὸς
310 3499 425 3577 μέρους
448 3501 506 3561 τοῦ
526 3498 670 3576 ςῶματος
693 3499 744 3562 καὶ
768 3497 817 3561 ὅτι
840 3502 887 3580 τῷ
911 3496 980 3561 ὄντι
999 3498 1018 3575 ἡ
1038 3496 1131 3561 νόςος
1157 3496 1376 3575 ἀλγεινοτὰτη.

205 3592 282 3662 Quid
301 3590 424 3653 censes?
443 3591 550 3650 Nonne
568 3592 693 3651 ridicule
713 3611 748 3650 ex
760 3590 848 3657 ,omni
866 3592 1014 3651 malorum
1033 3592 1180 3668 congerie,
1199 3611 1258 3667 qua
1277 3591 1378 3649 obruti

195 3701 306 3744 ‚sumus
320 3682 473 3754 mortales,
488 3681 568 3739 solae
583 3681 737 3757 eliguntur
751 3675 931 3755 ὀφθαλμῶν
945 3675 1110 3754 πηρῶςεις,
1126 3679 1247 3756 ποδῶν,
1263 3676 1376 3753 ἑτέρου

203 3767 291 3830 τινὸς
318 3767 434 3844 μέρους
463 3769 522 3829 τοθ
550 3766 715 3844 ςῶματοεῗ
763 3768 822 3828 Sed
845 3770 918 3828 haee
942 3770 1041 3828 omnia
1065 3769 1186 3830 senibus
1209 3769 1376 3845 imminent,

204 3861 378 3935 dixeratque
397 3857 491 3935 igitur
509 3858 671 3935 Dionysius
690 3862 882 3934 personatus:
901 3855 942 3917 τὰ
961 3854 1179 3932 ςυμπίπτοντα
1193 3853 1375 3932 ἀνθρώποις

204 3945 264 4027 (ἐν
279 3943 405 4026 γήρᾳ>,
420 3943 514 4022 μύρια
528 3943 620 4007 ταῦτ’
634 3942 715 4007 ὄντα
728 3943 779 4006 καὶ
794 3941 962 4021 ἄπειρα...
977 3945 1029 4007 καὶ
1043 3943 1092 4007 ὅτι
1107 3948 1152 4027 τῷ
1167 3942 1236 4007 ὄντι
1251 3942 1375 4026 <αὕτ>η

203 4035 297 4099 νόςος
323 4032 542 4111 ἀλγεινοτάτη.
581 4036 745 4097 Confirmat
772 4037 972 4097 coniecturam
995 4039 1066 4098 Luc.
1086 4038 1122 4095 de
1146 4039 1217 4096 luet,
1240 4039 1293 4109 16,
1323 4037 1376 4095 ubi

202 4130 247 4187 ita
273 4132 390 4204 patrem
417 4126 589 4203 adloquitur
616 4127 695 4185 filius
719 4129 869 4186 mortuus:
897 4123 927 4185 τί
951 4143 1004 4200 μοι
1029 4125 1160 4207 λοιδορῇ
1184 4122 1235 4185 καὶ
1264 4119 1376 4185 ἄθλιον

202 4212 376 4277 ἀποκαλεῖς
390 4211 441 4275 καὶ
456 4212 614 4289 δύςμορον
628 4211 712 4276 πολύ
728 4232 784 4275 ςου
801 4210 914 4290 βελτίω
928 4213 980 4275 καὶ
994 4211 1234 4290 μακαριώτερον
1244 4230 1374 4287 γεγενη-

203 4304 313 4381 μένον;
341 4300 414 4381 ἢτί
437 4321 485 4364 ςοι
513 4300 619 4364 δεινὸν
648 4300 782 4380 πάςχειν
810 4304 912 4383 bord,
938 4302 958 4380 ἦ
982 4300 1080 4363 διότι
1110 4302 1155 4378 μὴ
1179 4300 1376 4364 τοιουτοςὶ

202 4394 326 4470 γέρων
344 4388 544 4469 ἐγενόμην,
569 4388 652 4454 οἷος
672 4388 778 4473 eicit,
797 4391 996 4469 φαλακρὸς
1015 4391 1084 4468 μὲν
1103 4391 1169 4467 τὴν
1189 4390 1375 4468 κεφαλήν,
