3050 5109
365 218 604 273 Lucubrationum
624 216 837 287 Euripidearum
858 218 952 288 capita
970 218 1082 273 selecta.
1244 215 1308 278 257

350 384 401 446 καὶ
421 381 572 460 μανθάνω
592 383 649 460 μὲν
668 380 722 445 οἷα
739 383 886 462 τολμήεω
906 382 998 462 κακά,

352 473 449 549 θυμόε
469 473 504 535 δὲ
523 472 673 550 κρείττων
690 473 757 535 τῶν
775 470 861 549 ἐμῶν
882 470 1108 551 βουλευμάτων

136 601 283 678 τολμήεω
308 604 389 663 extat
413 601 445 660 in
463 599 527 677 ΣΡ,
551 599 631 675 δρᾶν
656 597 762 673 μέλλω
785 600 817 658 in
836 600 884 673 L⁰,
907 601 956 658 cui
979 601 1163 676 suffragatur
1184 597 1310 657 testium

137 693 243 751 nubes.
276 690 388 750 Credas
408 690 573 750 certissime
592 691 620 748 h.
636 691 655 748 l.
670 690 869 749 demonstrari
887 709 903 747 e
922 687 1077 748 familiai
1094 688 1223 765 pendere
1237 687 1309 745 pum·

138 782 364 840 Meminerimus
384 783 485 840 autem
503 779 627 839 tertium
646 782 748 838 extare
768 778 856 836 huius
875 778 980 837 classis
998 781 1108 837 testem
1126 778 1310 852 Pseudogre·

137 872 270 947 gor-ium3
297 890 385 945 quem
408 868 543 944 quamvis
566 868 652 944 parvi
675 867 830 943 aestimes,
853 868 930 926 hanc
953 871 1055 926 tamen
1074 867 1159 926 litem
1177 868 1216 927 ad
1235 866 1310 924 diiu-

142 960 297 1019 dicandam
320 958 401 1017 solus
419 958 544 1016 idoneus
562 960 617 1017 est.
654 956 711 1016 Est
730 960 832 1015 autem
850 955 930 1029 apud
947 957 1032 1015 illum
1053 976 1081 1015 v.
1102 957 1232 1015 raarss.

355 1075 381 1141 rb
401 1078 622 1155 δραματουργὲ
641 1080 700 1141 τοῦ
719 1076 826 1154 φόνου
845 1080 903 1140 τοῦ
923 1074 1094 1156 δεεπότου,

354 1167 399 1229 ὼε
417 1166 530 1230 correi(
550 1168 608 1244 μὲν
627 1164 681 1229 οἷα
698 1169 818 1249 τολμᾷ(
839 1164 992 1244 ἀφρόνω(

354 1257 427 1339 δέξῃ
449 1256 541 1335 βέλοε
561 1255 652 1334 δριμύ
671 1276 700 1318 τι
719 1254 800 1318 κατὰ
817 1254 955 1332 καρδίαε.

144 1387 178 1446 V.
200 1386 283 1445 1888
311 1383 460 1460 particula
488 1382 531 1441 ibi
555 1384 675 1441 omnino
697 1383 800 1459 inepta
823 1384 896 1443 satis
919 1383 1070 1445 iudicatur
1091 1387 1172 1443 recte
1195 1402 1214 1442 a
1234 1383 1311 1443 Doe-

141 1476 238 1551 ringio
266 1474 295 1531 h.
311 1474 330 1531 l.
353 1474 389 1531 ad
415 1472 492 1531 Med.
515 1474 599 1530 1078
627 1472 758 1530 relatum
786 1491 861 1532 esse.
898 1472 961 1532 Nec
988 1473 1090 1532 obstat
1118 1467 1232 1532 (υνιείε
1257 1493 1312 1547 pro

140 1557 313 1637 μανθάνων
341 1561 466 1636 dictum,
499 1560 525 1620 si
552 1561 672 1635 quidem
701 1582 728 1620 v.
755 1563 818 1620 859
847 1581 901 1636 pro
930 1557 1050 1635 δέργμα
1082 1553 1186 1641 (Hipp.
1212 1556 1312 1642 1217)

142 1646 240 1726 ὄμμα,
267 1672 296 1711 v.
322 1651 383 1709 901
414 1668 468 1725 pro
496 1645 601 1708 adhoc
628 1643 680 1729 (ib.
707 1644 808 1729 1441)
837 1645 955 1724 δόμου(
983 1651 1127 1725 scriptum
1153 1652 1312 1711 invonitur.

141 1740 281 1799 Ceterum
300 1738 377 1798 illud
395 1758 434 1798 an
447 1739 502 1797 hoc
516 1740 616 1798 verius
632 1739 680 1816 sit,
700 1759 768 1798 cum
781 1739 840 1798 nisi
854 1758 942 1798 sensu
957 1739 1112 1799 diiudicari
1130 1758 1191 1799 non
1208 1740 1313 1815 possit,

141 1850 178 1887 nc
202 1830 332 1889 conabor
356 1828 475 1904 quidem
499 1827 678 1904 disceptare3
706 1828 782 1887 satis
811 1829 907 1888 habeo
933 1828 1153 1888 demonstrasse
1176 1828 1208 1886 in
1231 1830 1314 1888 codic

143 1918 163 1977 S
182 1910 225 1997 1³¹,
244 1937 305 1977 non
323 1909 359 1975 Li
377 1917 469 1976 fuisse
487 1917 654 1976 lectionem.
683 1916 795 1986 Quodsi
815 1918 880 1993 quis
899 1918 975 1975 illud
994 1916 1021 1975 h.
1040 1918 1059 1975 l.
1079 1918 1232 1992 statuerit,
1255 1936 1314 1993 quo

145 2026 265 2083 semper
283 2007 322 2066 ad
335 2006 459 2066 irritum
473 2007 550 2065 tales
564 2006 696 2066 rationes
711 2005 817 2065 deduci
830 2009 964 2082 possunt,
982 2010 1142 2082 utramque
1156 2005 1314 2066 lectionem

142 2098 180 2155 ab
201 2096 235 2154 S⁰
254 2095 420 2157 exhibitam
444 2113 522 2154 osse:
551 2095 602 2170 qui
625 2096 650 2153 is
670 2095 783 2155 Christi
806 2093 949 2172 patientis
970 2097 1001 2153 et
1019 2086 1052 2152 Pi
1071 2114 1247 2154 consensum
1267 2115 1314 2154 ex·

142 2177 254 2261 plicare
278 2183 411 2261 poterit?
439 2183 518 2242 Illud
542 2187 643 2243 autem
667 2182 747 2258 δρᾶν
772 2181 878 2257 μέλλω
897 2185 976 2243 unde
1000 2185 1145 2243 invaserit
1163 2185 1236 2261 hum,
1255 2203 1315 2243 uon

144 2275 267 2333 difficile
287 2278 333 2334 est
351 2275 388 2332 ad
402 2272 606 2332 coniciendum
620 2277 744 2349 propter
756 2274 854 2349 ipsam
867 2274 951 2332 illam
964 2273 1206 2333 testimoniorum
1221 2273 1313 2332 abun-

145 2363 293 2439 dantiam3
319 2381 416 2422 nonne
445 2362 525 2439 apud
553 2365 704 2422 nostrates
729 2363 982 2422 litteratissimum
1005 2381 1152 2438 quemque
1176 2362 1314 2421 audimus

146 2453 305 2511 dicentem:
331 2451 408 2509 Dem
431 2451 627 2511 Gldcklichen
651 2451 770 2529 schltgt
792 2452 879 2510 lreine
900 2451 1027 2526 Stunde‚
1052 2471 1119 2510 oum
1141 2454 1243 2511 tamen
1268 2446 1315 2509 ‘in

146 2541 232 2599 libris
261 2533 414 2600 omnibus'
442 2542 538 2599 extet:
569 2540 625 2599 Die
648 2541 714 2600 Uhr
737 2540 855 2619 schltgt
880 2541 1000 2599 keinem
1023 2539 1239 2599 Glflcklicheu‘?
1263 2531 1315 2622 (uf.

141 2628 265 2689 Btiohm.
285 2649 308 2690 s.
324 2621 376 2710 v.).
409 2628 465 2688 Vel
485 2632 519 2687 ut
537 2630 720 2689 reconditius
739 2630 854 2706 aliquid
871 2630 1030 2708 proferam,
1049 2630 1100 2706 qui
1119 2629 1248 2687 Tollium
1267 2630 1316 2688 de-

143 2718 265 2786 scribet,
284 2738 382 2778 nonne
401 2718 449 2778 vel
467 2718 580 2778 invitus
599 2718 731 2779 dicentes
749 2718 840 2779 faciet
857 2719 1024 2779 Helvetios:

325 2843 391 2901 Wir
410 2843 518 2902 wollen
537 2843 601 2902 sein
620 2844 668 2902 ein
688 2844 759 2904 cini
764 2864 785 2921 g
803 2843 882 2904 Volk
900 2862 960 2904 von
977 2842 1126 2916 Brfidcrn,

44 3047 47 3051 ι
142 2968 221 3045 quod
248 2972 351 3027 tamen
379 2968 551 3029 adcuratius
580 2968 779 3028 consideranti
807 2969 953 3045 languere
981 2967 1138 3045 adparebit
1163 2987 1236 3044 prae
1263 2967 1315 3028 illo

142 3059 222 3133 quod
242 3057 360 3133 scripsit
378 3055 552 3117 Sohillerus:

325 3181 392 3240 Wir
411 3182 519 3240 wollen
538 3163 600 3240 sein
620 3181 668 3239 ein
687 3182 778 3239 einzi
784 3201 805 3257 g
822 3181 902 3241 Volk
919 3201 978 3241 uon
997 3180 1147 3258 B1tidcrn3

143 3304 316 3366 observavit
334 3305 389 3365 hoc
407 3306 568 3365 Koechlius
584 3305 678 3364 Akad.
694 3306 796 3365 Vortr.
811 3327 839 3365 u.
855 3305 956 3366 Reden
969 3305 1009 3382 Il,
1024 3308 1076 3365 50.
1105 3304 1182 3375 Quid
1200 3304 1316 3381 igitur?

143 3385 346 3454 Lilibrarium
364 3394 396 3453 in
414 3395 607 3455 describendo
626 3394 706 3454 dicto
731 3395 812 3471 quod
834 3396 966 3454 omnium
989 3414 1040 3454 ore
1064 3397 1220 3471 tereretur,
1245 3414 1318 3452 num

143 3482 318 3543 incredibile
342 3486 390 3543 ost
411 3484 584 3560 memoriae,
608 3503 668 3544 non
685 3483 756 3542 libri
774 3483 864 3544 fidem
882 3488 1018 3544 secutum
1042 3476 1173 3564 esse?¹⁶)
1205 3482 1318 3542 Videor

145 3575 246 3632 autem
265 3572 340 3632 mihi
357 3572 465 3634 vitium
484 3573 623 3632 similiter
642 3577 741 3633 ortum
759 3573 980 3649 deprehendere
998 3575 1029 3632 in
1048 3594 1075 3634 v.
1095 3575 1139 3632 30

380 3696 421 3772 ἢν
441 3695 481 3773 μή
500 3714 580 3758 ποτε
600 3695 761 3773 ετρέψαεα
780 3692 963 3759 πάλλευκον
981 3695 1078 3773 δέρην

381 3818 478 3896 δέρην
497 3816 572 3899 ΣΡ]
593 3816 674 3896 κάρα
692 3821 717 3879 L
793 3891 796 3896 ,

146 3929 173 3969 v.
193 3928 219 3967 s.
235 3908 306 3969 Heo.
325 3911 365 3969 62

382 4011 496 4092 λάβετε
515 4013 632 4091 φέρετε
652 4011 790 4091 πέμπετ’
809 4011 931 4091 ἀείρετε
951 4034 1024 4091 μου;

145 4140 170 4198 L
190 4159 225 4199 ex
244 4140 334 4217 Hipp.
356 4143 418 4200 198
439 4134 544 4215 αἴρετέ
566 4156 627 4215 μου
647 4137 744 4213 δέμαε
762 4142 884 4200 exhibet

236 4334 281 4396 16)
302 4325 403 4384 Elucet
427 4333 521 4383 autem
546 4344 603 4382 non
625 4326 769 4382 immutari
788 4327 828 4381 rei
847 4330 965 4398 statum,
984 4329 1007 4383 si
1027 4331 1063 4386 ab
1081 4329 1214 4400 Euripide
1233 4330 1318 4398 scrip-

147 4403 208 4452 tum
227 4402 297 4467 δρᾶν
316 4402 419 4468 μέλλω,
445 4417 479 4453 ex
503 4399 612 4453 incuria
630 4399 808 4455 librariorum
826 4401 983 4468 profectum
1001 4404 1129 4470 τολμήεω
1148 4416 1318 4455 censeamus.

197 4499 277 4542 Jahrb.
288 4500 303 4540 t'.
314 4500 380 4540 class.
390 4499 472 4540 Philet
496 4499 574 4547 Suppr.
584 4498 625 4539 Bd.
635 4499 685 4540 XV.
1072 4497 1104 4545 17
