3050 5109
396 266 634 323 Lucubrationum
652 265 863 335 Euripidearam
882 268 975 336 capita
994 267 1107 323 selecta.
1267 268 1332 334 311

162 431 352 512 ἀγοράζουει
384 433 436 498 καὶ
462 431 687 513 καπηλεύουει,
719 430 751 496 οἱ
782 432 817 495 δὲ
847 429 961 511 ἄνδρε(
988 431 1060 507 κατ’
1088 431 1196 497 οἴκου(
1224 431 1333 497 ἐόντεε

162 518 392 608 ὑφαίνουει61);
420 527 505 603 adde,
523 545 600 604 quae
618 529 776 603 praeterea
794 527 943 603 congessit
961 526 990 584 Ν
992 527 1195 604 iebsrdingius
1213 519 1333 608 (Progr.

162 617 315 677 Neustadt
328 610 385 696 ολδ.
403 618 487 678 1875
501 638 530 693 p.
543 608 695 698 14es)⁶²):
713 634 812 678 nonne
826 616 968 676 concedes
982 614 1128 678 Herodoti
1145 617 1334 677 inhonorem

162 708 235 766 haec
254 706 352 768 dicere
371 704 528 767 Orestem?

254 968 298 1030 61)
317 966 431 1037 Respici
449 968 476 1023 h.
495 967 513 1023 l.
529 965 703 1021 Herodotum
721 983 809 1036 prope
827 972 965 1035 γραμμικῇ
985 966 1123 1021 ἀποδείξει
1140 966 1253 1037 probari
1271 968 1333 1037 pot-

163 1042 212 1094 cst.
242 1039 365 1107 Oedipus
380 1038 454 1093 enim
469 1038 535 1091 dum
552 1036 707 1092 omnibus
725 1038 760 1090 in
778 1038 891 1104 rebus,
911 1037 1016 1092 etiam
1036 1038 1111 1092 vitae
1131 1039 1208 1092 cultu
1229 1038 1333 1093 similes

164 1110 233 1164 dicit
250 1108 398 1179 Aegyptiis
417 1109 502 1176 filios,
528 1109 667 1177 significat
690 1108 778 1163 verba
796 1108 921 1163 eiusdem
940 1109 1040 1178 capitis
1058 1112 1202 1178 postrema
1219 1111 1333 1177 τρέφειν

162 1185 228 1236 τοὺς
241 1183 341 1236 τοκέαε
354 1188 422 1235 rotet
437 1183 486 1247 μέν
500 1183 573 1234 παιεί
591 1180 706 1246 οὐδεμία
724 1181 831 1247 ἀνάγκη
851 1183 888 1247 μὴ
908 1182 1104 1247 βουλομένοιτι,
1122 1186 1182 1249 aqu
1201 1183 1232 1235 δέ
1250 1186 1334 1247 θυγα-

162 1255 238 1321 τράα
261 1258 334 1307 πθεα
357 1254 464 1319 ἀνάγκη
484 1254 528 1306 καί
547 1254 583 1318 μὴ
603 1253 791 1321 βουλομένηει.
828 1252 942 1307 Delevit
960 1268 1055 1306 versus
1074 1251 1245 1321 Sophocleos
1264 1253 1332 1307 Mei-

163 1325 270 1391 uskiusa
291 1324 409 1379 fortasse
429 1325 543 1393 propter
561 1323 650 1392 ipsam
670 1322 858 1376 imilationem
878 1321 1022 1377 Herodoti.
1057 1321 1163 1388 Quodsi
1183 1325 1238 1390 eet,
1258 1322 1334 1376 felici

163 1393 291 1449 acumine
301 1394 448 1448 Arthurius
461 1393 560 1448 Zerdilr
579 1395 708 1463 (quaestt.
719 1393 838 1463 Appian.
858 1397 904 1462 46)
923 1392 996 1448 vidit
1014 1392 1168 1448 clarissimo
1186 1393 1236 1449 illo
1256 1393 1333 1448 Ores·

163 1468 276 1534 phontis
299 1466 467 1536 Euripideae
489 1466 647 1534 fragmento
667 1468 729 1530 (452
749 1466 809 1534 N.),
836 1482 892 1533 quo
919 1481 1066 1534 perperam
1094 1466 1189 1534 lugere
1215 1465 1335 1519 dicimur

164 1540 298 1602 mortuos,
317 1538 416 1592 laetari
435 1535 626 1602 nascentibus,
649 1535 685 1590 ad
703 1538 820 1591 verbum
838 1552 927 1605 paene
945 1535 1065 1605 exprimi
1083 1537 1147 1591 Her.
1159 1535 1191 1604 V,
1210 1543 1228 1589 4
1246 1539 1334 1604 Τραυ-

163 1609 223 1664 εοί.
240 1652 245 1663 .
262 1650 268 1661 .
285 1651 291 1662 ,
310 1610 360 1663 τὸν
380 1611 428 1675 μέν
446 1609 598 1674 γενόμενον
616 1608 800 1674 περιιζόμενοι
819 1608 846 1661 οἱ
862 1609 1049 1675 προεήκοντεε
1067 1609 1265 1676 ὀλοφύρονται,
1284 1610 1334 1662 dcc

164 1699 207 1745 μιν
227 1684 276 1748 δεῖ,
296 1680 386 1734 ἐπείτε
396 1681 517 1745 ἐγένετο,
536 1681 688 1746 άναπλὴται
707 1680 786 1747 κακά,
804 1679 988 1745 ἀνηγεόμενοι
1005 1680 1042 1732 τά
1061 1680 1223 1747 ἀνθρωπήια
1241 1680 1334 1733 πάντα

161 1753 263 1805 πάθεα·
283 1753 333 1805 τόν
353 1753 382 1806 δ’
400 1752 607 1817 ἀπογενόμενον
624 1749 770 1806 παίζοντέε
788 1767 820 1804 τε
838 1752 883 1803 καί
901 1751 1033 1817 ἡδόμενοι
1051 1755 1087 1818 γῇ
1107 1752 1255 1817 κρόπτουει
1278 1751 1334 1804 έπι-

162 1824 298 1890 λέγοντεε,
318 1824 390 1876 όεων
409 1827 502 1876 κακῶν
521 1822 732 1888 έξαπαλλαχθείε
749 1823 806 1875 ἐετι
824 1822 854 1874 έν
872 1821 943 1890 πάεη
963 1820 1130 1890 εὐδαιμονίη.

252 1896 297 1964 62)
316 1893 379 1948 Non
398 1892 510 1947 dubitat
528 1891 578 1946 ille
598 1892 652 1946 huc
670 1909 802 1947 revocare
816 1894 1029 1958 hattus-123
1049 1893 1078 1945 et
1096 1909 1255 1961 quanquam
1274 1893 1333 1948 scio

163 1965 373 2035 elegantissimo
387 1965 488 2032 cuique
502 1962 687 2019 existimaturi
700 1964 748 2018 vix
767 1964 919 2032 quidquam
938 1966 998 2017 tam
1016 1968 1122 2017 certum
1140 1963 1230 2018 videri
1248 1982 1333 2033 quam

161 2038 235 2091 hunc
259 2038 413 2103 δβελιεμόν,
437 2037 556 2091 sortasse
575 2038 671 2089 tamen
690 2036 717 2089 ei
735 2038 781 2104 (et
799 2033 1032 2102 Kirchhoffio)
1052 2033 1262 2103 obsequendum
1281 2037 1332 2089 est.

162 2107 270 2178 Nempe
289 2108 379 2162 multo
397 2125 448 2162 nos
466 2107 557 2176 magis
576 2123 661 2175 quam
680 2122 777 2160 omncs
803 2105 969 2159 offensiones
988 2105 1115 2173 singulae
1134 2106 1205 2159 illud
1223 2106 1333 2177 pnngit,

162 2181 236 2248 quod
247 2178 390 2248 Antigona
426 2181 556 2247 ostquam
573 2175 661 2231 tantis
676 2177 782 2232 excidit
795 2176 879 2243 ausis¹
894 2181 953 2231 tam
967 2176 1068 2246 putida
1078 2194 1107 2230 se
1117 2175 1333 2233 ratiocinatione

161 2252 277 2320 purgat;
296 2251 326 2304 id
341 2197 423 2319 quod
435 2247 482 2303 vix
499 2249 604 2319 poterit
623 2248 724 2303 clarius
743 2248 877 2317 adparere
896 2264 980 2316 quam
999 2247 1023 2301 si
1041 2246 1117 2301 idam
1136 2252 1333 2317 argumentum

162 2321 283 2390 (omissis
303 2321 437 2376 videlicet
456 2321 495 2375 ais
514 2319 642 2389 argutiis,
661 2335 733 2388 quae
749 2337 793 2375 vv.
804 2324 899 2374 909ss.
915 2317 1103 2387 continentur)
1122 2319 1241 2387 proferri
1256 2320 1333 2375 vide·

160 2394 247 2447 rimus
270 2393 306 2448 ab
324 2393 484 2447 Alexandra
507 2391 623 2447 muliere
645 2407 735 2473 aeque
759 2389 864 2446 callida
885 2407 918 2444 ac
941 2390 1047 2459 perfida
1068 2389 1097 2443 in
1120 2389 1253 2445 Hebbelii
1275 2392 1333 2446 tra-

161 2464 271 2535 goedia,
291 2481 375 2533 quam
394 2465 428 2518 de
447 2463 559 2518 Herode
578 2466 607 2518 et
625 2462 783 2516 Mariamna
802 2460 914 2532 scripsit
932 2461 1005 2530 (Ges.
1025 2462 1129 2515 Werke
1149 2462 1169 2529 Ι,
1191 2463 1260 2531 172).
1288 2461 1333 2515 Li-

162 2539 226 2591 ceat
247 2535 335 2604 igitur
358 2535 448 2589 tribus
471 2534 534 2589 aliis
557 2534 692 2604 exemplis
716 2532 875 2600 ostendere,
904 2531 1049 2604 quamsit
1072 2529 1210 2587 lubricum
1238 2537 1333 2589 nostro

163 2624 244 2661 sensu
264 2607 391 2674 definire,
410 2605 478 2674 quid
497 2605 648 2672 senserint,
668 2605 735 2673 quid
753 2620 809 2658 non
829 2603 968 2658 senserint
984 2605 1085 2672 poetae
1104 2603 1206 2672 tragici
1224 2604 1332 2659 Graeci.

162 2679 219 2732 Fac
238 2695 341 2747 quaeso
360 2679 513 2732 nostratem
533 2678 656 2746 aliquem
675 2680 789 2745 poetam
809 2676 844 2729 dc
863 2673 963 2744 Oedipi
985 2673 1053 2729 fatis
1074 2675 1250 2743 tragoediam
1270 2693 1333 2730 con-

164 2749 297 2817 scribere,
323 2749 462 2817 Oedipum
489 2748 570 2802 illum
596 2748 706 2802 detecto
735 2746 840 2801 scelera
868 2745 958 2815 primo
986 2745 1083 2816 fugere
1107 2745 1229 2814 patriam
1252 2746 1334 2814 velle,

161 2823 274 2889 postea,
300 2837 361 2873 cum
388 2822 441 2874 hoc
460 2818 552 2873 facere
571 2816 746 2888 aliquamdiu
764 2817 803 2871 sit
820 2815 991 2886 prohibitus,
1016 2817 1137 2883 extrudi3
1165 2816 1221 2870 iam
1249 2818 1333 2886 nolle,

164 2893 249 2947 malle
272 2906 385 2945 manere
407 2891 438 2945 in
460 2892 537 2945 terra
561 2890 648 2959 ipsius
667 2889 779 2958 piaculo
798 2889 910 2958 polluta
928 2904 1012 2956 quam
1031 2887 1109 2941 exilii
1127 2886 1253 2943 miserias
1271 2905 1333 2958 per·

163 2966 236 3033 peti3
252 2980 344 3018 nonne
358 2977 550 3032 sperneremus
564 2961 669 3015 humile
684 2958 805 3015 hominis
820 2959 981 3029 ingenium?
999 2956 1087 3027 Atqui
1101 2958 1236 3029 descripsi
1251 2961 1334 3016 Oedi-

162 3054 229 3105 pum
248 3034 435 3106 Sophocleum
454 3033 522 3089 satis
541 3033 653 3104 copiose
672 3034 741 3087 haec
759 3033 921 3086 narrantem
940 3028 993 3085 00.
1012 3035 1105 3085 483ss.

613 3143 667 3207 τὴν
685 3141 735 3207 μέν
753 3137 847 3205 αὐτίχ’
864 3139 986 3205 ἡμέραν,

409 3212 524 3281 ὁπηνίκ’
541 3213 595 3267 ἐζει
608 3213 695 3278 θυμόε
712 3210 825 3278 ἡδιετόν
842 3211 873 3263 τ’
891 3210 952 3275 ἐμοί
1088 3263 1091 3268 ,

408 3286 443 3339 τό
462 3288 608 3338 κατθανέιν
626 3284 662 3350 ἡν
681 3284 778 3336 καὶτὸ
797 3284 942 3347 λευεθῆναι
959 3281 1085 3348 πέτροιε,

410 3357 501 3410 οὐδείε
518 3358 624 3422 έρωτοε
641 3356 724 3409 τοθδ’
742 3352 871 3419 ἐφαίνετ’
889 3353 1065 3421 machstatt)

410 3428 502 3496 χρόνῳ
522 3428 563 3493 δ’,
583 3427 635 3479 ὅτ’
653 3428 716 3492 ἤδη
735 3428 798 3477 πᾶε
816 3425 832 3476 ό
852 3424 975 3489 μόχθοι
992 3425 1032 3490 ἡν
1050 3425 1164 3477 πέπων

411 3499 627 3561 κάμάνθανον
645 3497 705 3549 τὸν
724 3496 829 3561 θυμὸν
849 3495 1061 3561 ἐκδραμόντα
1079 3511 1133 3560 μοι

411 3569 511 3634 μείζω
531 3570 697 3634 κολαετὴν
715 3571 783 3620 τῶν
801 3567 879 3632 πρὶν
897 3566 1159 3632 ἡμαρτημένων,

409 3641 442 3693 τό
461 3639 554 3706 πηνίκ’
571 3642 626 3706 ἤδη
645 3644 731 3692 τοῦτο
750 3639 800 3703 μὲν
818 3636 895 3690 πόλι(
916 3635 960 3705 βίᾳ

408 3712 512 3777 ἤλαυνέ
530 3712 563 3777 μ’
581 3712 612 3764 ἐκ
629 3715 681 3777 γὴε
698 3712 819 3776 χρόνιον.

162 3816 288 3888 (Rectius
313 3818 366 3872 hac
385 3817 497 3886 quidem
518 3816 548 3870 in
565 3833 596 3870 re
615 3815 736 3870 Senecae
756 3812 880 3882 Oedipus
898 3814 1012 3880 (Phoen.
1032 3814 1096 3882 216)
1120 3813 1246 3882 quamvis
1266 3812 1334 3869 alio·

164 3889 232 3959 quin
251 3892 279 3943 et
298 3889 429 3943 efferatus
448 3889 478 3943 et
495 3889 628 3942 verbosus
647 3885 805 3942 consolanti
823 3884 995 3954 Antigonae:

321 3996 366 4049 Me
385 3994 477 4065 hrgic;
496 3995 575 4064 fugio
595 3993 737 4049 conscium
756 3993 893 4047 scelerum
911 3992 1036 4046 omnium

322 4066 425 4122 Pectus
442 4082 611 4135 manumque
630 4066 702 4120 hanc
720 4064 798 4134 fugio
818 4066 847 4119 et
864 4065 918 4118 hoc
937 4064 1046 4118 coelum
1065 4065 1095 4116 et
1112 4062 1199 4132 deos.)

161 4176 217 4229 Fac
245 4174 365 4229 matrem
394 4190 427 4228 eo
454 4172 556 4227 furoris
584 4172 730 4240 adactam,
757 4172 790 4225 ut
817 4186 887 4240 quos
914 4170 978 4240 ipsa
1005 4168 1195 4239 procreaverit
1220 4167 1335 4237 liberos,

162 4263 210 4301 eos
233 4262 334 4300 necare
358 4244 482 4300 animum
505 4243 659 4311 induxerit3
687 4243 744 4298 iam
768 4242 899 4310 conqueri
923 4240 1015 4306 illam,
1038 4241 1201 4311 priusquam
1225 4238 1333 4295 facinus

161 4320 306 4387 perpetret
323 4316 429 4371 frustra
447 4332 476 4371 se
495 4331 621 4385 sperasse
640 4316 812 4369 senectutem
830 4331 909 4368 suam
928 4314 965 4368 ab
983 4313 1039 4367 illis
1059 4313 1184 4366 levatum
1199 4308 1247 4366 iri:
1265 4330 1334 4366 num

163 4389 338 4444 crederemus
355 4389 474 4444 matrem
492 4386 586 4456 loqui?
610 4384 698 4456 Atqui
715 4384 864 4455 Euripides
881 4386 935 4439 hoc
953 4400 1010 4439 non
1027 4382 1241 4439 reformidabat:
1259 4383 1333 4439 Med.

162 4466 232 4517 rosa
249 4478 269 4515 s.
331 4526 335 4535 sp
