3050 5109
382 215 618 270 Lucubrationum
637 213 853 284 Euripidearum
871 213 966 284 capita
985 214 1097 269 selecta.
1259 214 1323 278 287

154 385 235 445 Crat.
246 387 310 444 413
326 384 354 442 Α
373 378 453 458 ὑπὲρ
472 380 512 443 τὰ
526 380 703 457 έςκαμμένα
718 377 881 460 ἀλλεςθαι]
901 377 1050 444 Φάυλλός
1064 399 1111 442 τις
1125 378 1326 458 κουφότατος

153 470 287 534 πάντων
315 468 429 547 ἅλματι
454 471 616 548 μετέωρον
644 470 757 548 φέρειν
786 468 903 532 ἑαυτὸν
932 471 1131 548 πεντήκοντα
1159 469 1239 547 πρός
1258 474 1327 533 τοῖς

154 561 251 623 πέντε
271 559 363 622 ποςὶν
382 558 470 636 παρὰ
489 557 587 624 δόξαν
606 559 658 622 ἐπὶ
678 563 775 637 μῆκος
794 558 903 636 ἥλατο.
937 558 975 621 ὃν
994 558 1045 622 καὶ
1064 558 1116 621 διὰ
1134 562 1231 622 τοῦτο
1251 565 1325 623 θαυ-

154 648 308 727 μάςαντες
323 646 354 711 οἱ
369 648 450 725 πρὸς
469 647 568 711 αὐτόν
588 645 802 725 ἁμιλλώμενοι
822 646 934 729 ςτίχῳ
953 648 995 710 τὸ
1011 651 1134 724 θαῦμα
1148 646 1326 725 ἀοίδιμον

153 743 203 819 τῷ
214 741 339 820 μακρῷ
353 736 652 800 καταλελοίπατι
663 735 798 818 χρόνῳ.
813 740 982 799 Verborum
996 743 1214 815 postremorum
1224 741 1327 816 inepta

155 831 306 907 elegantia
323 849 380 889 non
397 830 433 889 de
449 848 502 888 suo
518 831 590 889 haec
605 829 760 904 scripsisse
776 830 862 887 docet
877 829 1062 888 Tarrhaeum
1077 821 1126 909 (cf.
1137 829 1326 903 Warnkross

154 921 190 979 de
204 919 402 995 paroemiogr.
417 922 532 994 quaest.
546 918 587 993 II,
602 921 654 979 46.
678 918 770 994 Oohn,
785 937 853 977 ann.
868 918 939 992 phil.
954 919 1011 977 rol.
1028 918 1124 994 suppl.
1139 918 1222 993 XIII,
1237 912 1326 996 841).

153 1010 217 1067 Iam
236 1008 356 1067 veroin
375 1007 487 1068 scholio
507 1026 543 1066 ex
563 1008 714 1067 Tarrhaeo
734 1008 830 1082 petito
849 1007 976 1067 Phaedr.
997 1009 1061 1067 260
1082 1006 1103 1065 O
1128 999 1223 1088 (ὄνου
1243 1000 1324 1088 ςκιά)

155 1098 295 1157 Aristidis
315 1089 394 1178 (eius
414 1098 517 1173 procul
537 1097 626 1156 dubio
646 1097 699 1172 qui
717 1096 837 1171 scripsit
855 1092 928 1170 περὶ
942 1095 1120 1170 παροιμιῶν
1140 1096 1175 1155 cf.
1191 1096 1325 1172 Mueller,

152 1188 184 1245 F.
198 1187 237 1246 H.
253 1185 287 1246 G.
307 1186 360 1263 IV,
381 1179 458 1266 236)
478 1186 614 1245 adfertur
633 1186 804 1263 historiola,
827 1185 911 1244 cuius
929 1189 1034 1244 auctor
1053 1185 1193 1244 similiter
1212 1188 1325 1261 ampul-

152 1277 231 1335 latus
256 1279 315 1352 ost,
338 1276 374 1335 cs.
394 1276 472 1352 inpr.
491 1273 670 1334 narrationis
689 1275 792 1333 finem:
821 1269 898 1334 ὅθεν
926 1269 1018 1332 τότε
1046 1273 1104 1334 τοῦ
1133 1272 1325 1349 διηγήματος

152 1361 306 1438 εὔςτοχον
326 1360 433 1425 καὶτὸ
452 1363 511 1424 τοῦ
535 1361 742 1439 φρονήματος
767 1358 1029 1438 παρρητιαςτικὸν
1053 1361 1325 1437 διαμνημονευθὲν

151 1449 321 1528 παροιμία(
340 1448 435 1529 ἔλαβε
455 1448 555 1524 τάξιν;
583 1453 753 1512 Tarrhaeus
776 1453 871 1527 igitur
894 1472 965 1510 num
984 1453 1046 1510 illic
1064 1470 1181 1529 quoque
1201 1471 1237 1511 ex
1256 1453 1325 1511 Ari-

154 1544 231 1603 stide
249 1542 372 1602 hausit?
396 1543 487 1602 schol.
502 1542 579 1602 Plat.
595 1543 718 1602 Theaet.
735 1545 795 1602 171
813 1540 836 1600 G
857 1534 956 1621 (εἰκός
975 1537 1035 1616 γάρ
1050 1538 1175 1601 ἐκεῖνον
1190 1539 1324 1618 πρεςβύ-

153 1649 249 1706 τερον
265 1626 344 1691 ὄντα
359 1628 548 1706 ςοςρώτερον
562 1628 653 1706 ἡμῶν
668 1625 763 1711 εἶναι)
779 1629 859 1707 quod
873 1631 1054 1690 adscribitur
1069 1626 1149 1689 έπου
1164 1630 1228 1709 θεῷ
1244 1627 1324 1691 ἕπου

153 1717 254 1799 λόγῳ,
274 1721 305 1779 id
324 1740 342 1779 a
360 1722 521 1780 scholiasta
539 1721 705 1797 profectum
725 1724 806 1779 certo
829 1739 888 1778 non
909 1724 967 1793 est3
991 1721 1026 1779 ol.
1047 1719 1160 1778 Galeno
1184 1721 1220 1778 de
1239 1740 1324 1797 cogn.

153 1831 191 1870 an
204 1812 299 1869 morb.
314 1809 353 1884 V,
368 1814 406 1869 11
420 1810 455 1869 K.
475 1803 534 1868 όςα
553 1804 586 1868 δ’
604 1805 657 1869 ἐπὶ
675 1809 758 1888 τῷδε
776 1806 828 1868 καὶ
842 1805 895 1868 διὰ
907 1808 1004 1868 τοῦτο
1019 1807 1085 1868 τῶν
1099 1804 1325 1869 παλαιοτάτων

151 1895 342 1975 φιλοςόφων
357 1893 500 1958 άκούςεις
514 1892 650 1972 ὅμοιον
671 1892 771 1958 εἶναι
789 1898 863 1976 θεῷ
882 1896 949 1972 τὴν
969 1893 1109 1972 ςοφίαν
1128 1917 1188 1958 non
1206 1902 1286 1957 recte
1306 1919 1325 1958 a

150 1988 383 2066 Wyttenbachio
402 1990 440 2047 ad
459 1989 538 2048 Plut.
557 2007 630 2047 mor.
651 1988 756 2047 5501)
777 1991 808 2045 et
826 1987 987 2047 heutschio
1006 1987 1043 2046 ad
1062 1987 1187 2063 Diogen.
1206 1987 1262 2063 III,
1275 1991 1322 2051 ‚31

153 2080 301 2137 statutum
321 2096 386 2136 esse
405 2076 613 2136 concludemus
632 2077 827 2135 Plutarchum
846 2096 919 2135 mor.
940 2076 1023 2136 371)
1049 2074 1084 2134 ςὺ
1109 2073 1144 2134 δὲ
1168 2071 1322 2136 πολλάκι(

151 2161 308 2241 ἀκηκοὼς,
328 2160 377 2225 ὅτι
396 2161 513 2225 ταύτόν
532 2161 596 2224 έςτι
614 2162 656 2223 τὸ
677 2162 830 2225 ἕπετθοιι
849 2165 922 2244 θεῷ
942 2162 1001 2224 καὶ
1021 2159 1216 2225 πείθεςθαι
1236 2161 1323 2244 λόγῳ

151 2259 182 2315 et
197 2259 236 2315 81
254 2256 278 2313 ll
294 2249 312 2314 ὁ
331 2250 363 2318 δ’,
383 2251 475 2315 έντὸς
494 2249 668 2329 γενόμενος
688 2252 738 2313 καὶ
757 2253 829 2329 φῶς
848 2253 929 2325 μέγα
948 2249 1026 2314 ἰδὼν
1046 2248 1117 2313 οἷον
1136 2248 1323 2329 ἀνακτόρων

151 2339 372 2418 ἀνοιγομένων
392 2340 502 2418 ἕτερον
523 2340 632 2419 λαβὼν
651 2345 753 2418 ςχῆμα
777 2341 827 2403 καὶ
849 2341 970 2417 ςιωπὴν
989 2339 1040 2403 καὶ
1059 2339 1178 2418 θάμβος
1197 2338 1323 2418 ὥςπερ

153 2435 223 2513 θεῷ
249 2434 300 2512 τῷ
325 2428 426 2512 λόγῳ
449 2429 599 2493 ταπεινὸς
624 2431 791 2492 ςυνέπεται
817 2430 868 2492 καὶ
896 2429 1125 2506 κεκοςμημένος
1152 2433 1323 2493 adhibuisse

153 2542 298 2599 suumque
317 2523 349 2581 in
367 2542 452 2584 usum
473 2522 672 2599 amplificasse
695 2526 801 2582 notum
820 2523 895 2580 illud
915 2518 995 2581 ἕπου
1012 2521 1075 2600 θεῷ
1095 2519 1268 2581 aOicerone
1287 2524 1323 2581 de

150 2612 198 2672 fin.
217 2612 277 2685 III,
304 2614 343 2672 73
369 2606 533 2675 ‘veteribus
562 2605 759 2688 sapientibus'
785 2612 949 2684 tributum,
974 2612 1026 2670 sed
1049 2611 1149 2686 potius
1174 2612 1324 2670 sententia

151 2721 239 2760 usum
258 2720 323 2761 esse
342 2721 418 2777 quae
433 2701 483 2759 diu
498 2704 568 2759 ante
582 2702 669 2759 illum
682 2701 798 2760 fuisset.
823 2700 920 2759 Schol.
936 2701 1042 2759 Aesch.
1052 2700 1152 2759 Prom.
1164 2703 1226 2760 213
1242 2701 1322 2760 deni-

150 2810 207 2865 que
232 2785 296 2870 (rod
316 2788 392 2851 Γαῑοι
411 2789 543 2850 πολλῶν
567 2784 736 2864 ὀνομάτων
756 2788 864 2865 μορφὴ
884 2784 951 2868 μία)
974 2785 1011 2848 τὸ
1034 2784 1096 2862 γάρ
1122 2788 1210 2849 θεῖον
1230 2785 1322 2863 (ρόςει

151 2877 209 2954 μὲν
229 2876 264 2939 ἕν
283 2876 380 2957 ἐςτιν,
399 2874 553 2957 ὀνομαςίᾳ
572 2876 607 2937 δὲ
627 2876 807 2953 πολυμερές
827 2880 973 2954 quantum
993 2878 1142 2953 discrepet
1161 2898 1179 2937 a
1197 2878 1321 2954 reliquis

150 2970 282 3028 eiusdem
306 2969 484 3029 scholiastae
503 2968 628 3041 notulis,
652 2986 738 3027 nemo
761 2988 822 3028 uon
840 2969 935 3043 videt3
965 2968 1076 3042 optime
1103 2970 1204 3026 autern
1222 2971 1323 3043 potest

44 3120 50 3129 ,
149 3058 344 3134 philosophus
359 3059 452 3135 aliqui
466 3058 603 3132 edidisse,
630 3057 706 3116 sicut
720 3058 917 3116 Antisthenes
934 3050 1106 3131 ‘populares
1121 3057 1191 3116 deos
1207 3059 1318 3117 multos

149 3149 318 3206 naturalem
336 3167 427 3207 unum
447 3140 525 3207 esse'
544 3147 620 3206 dixit
639 3139 713 3226 (Cic.
733 3148 770 3205 de
788 3147 826 3207 N.
845 3147 880 3205 D.
901 3147 925 3223 I,
945 3141 1010 3225 32).

149 3254 220 3315 Eur.
240 3253 289 3316 Or.
311 3258 440 3315 1169ss.

833 3357 1010 3434 ἐλευθέρως

233 3455 319 3511 1170
365 3448 472 3524 ψυχὴν
492 3444 614 3525 ἀφήςω,
635 3446 810 3510 Μενέλεων
829 3446 864 3509 δέ
883 3446 1014 3524 τίςομαι.

363 3535 436 3599 ἑνὸς
454 3534 515 3612 γάρ
536 3535 563 3598 εἰ
582 3532 758 3614 λαβοίμεθ’,
778 3535 966 3612 εὐτυχοῖμεν
985 3532 1039 3613 άν,

363 3622 391 3687 εἴ
409 3631 510 3688 ποθεν
530 3622 670 3688 ἄελπτος
690 3625 870 3702 παραπέςοι
894 3624 1030 3702 ςωτηρία

362 3717 509 3776 κτανοῦςι
533 3716 573 3792 μὴ
597 3717 759 3777 θανοῦςιν·
785 3712 918 3790 εὔχομαι
940 3712 1024 3775 τάδε.

123 3827 127 3833 ’
228 3808 311 3866 1175
359 3803 377 3865 ὃ
398 3803 550 3881 βούλομαι
570 3803 631 3880 γὰρ
649 3803 709 3881 ἡδὺ
729 3803 780 3864 καὶ
799 3802 851 3866 διὰ
870 3800 969 3879 ςτόμα

362 3896 506 3968 πτηνοῑςι
526 3891 634 3970 μύθοις
654 3889 829 3955 ἀδαπάνως
848 3892 965 3969 τέρψαι
984 3891 1097 3968 φρένα.

148 4039 183 4097 Ιυ
207 4058 235 4098 ν.
262 4041 344 4098 1172
369 4039 459 4099 velim
488 4038 561 4097 mihi
588 4039 764 4116 explicetur,
794 4058 851 4114 quo
881 4056 969 4097 sensu
996 4037 1133 4113 praedita
1156 4037 1196 4096 sit
1220 4040 1315 4113 parti-

148 4129 215 4186 cula
233 4123 310 4205 γάρ;
333 4128 454 4187 interim
477 4129 549 4187 ferri
568 4146 634 4187 eam
652 4147 712 4187 non
735 4146 823 4204 posse
848 4127 922 4187 dico.
959 4127 1023 4185 lam
1046 4127 1226 4186 sententiam
1249 4146 1316 4186 con·

148 4218 258 4277 sidera:
282 4217 362 4294 finge
381 4236 491 4292 quaeso
510 4220 571 4276 tres
590 4218 726 4277 homines
752 4218 867 4293 inipso
887 4236 918 4275 se
936 4216 1042 4276 mortis
1063 4216 1231 4286 discrimine
1250 4236 1316 4276 esse

148 4307 366 4382 existimantes3
385 4307 432 4366 fac
451 4325 486 4366 ex
504 4307 551 4366 his
571 4327 663 4365 unum
682 4308 794 4366 dicere:
820 4306 918 4365 Unum
938 4306 964 4365 si
982 4305 1196 4382 adipiscamur,
1216 4305 1317 4367 felices

148 4395 256 4456 simus:
276 4396 396 4455 sicunde
416 4397 569 4472 insperata
583 4395 728 4473 obtigerit
747 4397 837 4475 salus,
855 4400 894 4454 ut
913 4398 1053 4455 necantes
1071 4415 1117 4453 ne
1136 4413 1317 4454 necamur:
